3788 4716
1017 590 1075 635 80
1683 591 1843 636 EmsT.
1877 592 1929 635 P.
1960 590 2148 635 Βεοὲτι

959 709 1214 777 legitima.
1243 710 1284 761 Il
1308 709 1538 764 chierico
1562 710 1648 764 del
1673 710 1888 778 palazzo
1913 710 1940 761 ὲ
1959 708 2014 761 di
2032 708 2118 761 eta
2136 709 2204 761 de
2230 721 2294 761 22
2315 708 2458 771 anni,
2483 725 2516 760 0
2535 707 2699 771 circa,
2721 717 2777 763 et
2791 710 2849 761 ha

960 798 1248 851 bonissimo
1273 798 1527 866 ingegno,
1555 808 1669 852 atto
1695 799 1798 854 alle
1819 799 2025 862 lettere,
2054 806 2108 852 et
2132 801 2200 851 ha
2223 799 2364 852 bona
2386 798 2626 862 volunta,
2649 807 2706 852 et
2728 815 2849 851 sano

958 888 1013 940 di
1038 905 1211 956 corpo.
1240 890 1281 940 11
1307 890 1580 942 sacerdote
1604 890 1632 942 ὲ
1657 889 1712 941 di
1734 889 1821 942 eta
1846 890 1914 941 28
1938 871 2082 953 anni,
2103 889 2138 940 ὁ
2156 887 2315 952 circa,
2337 889 2575 940 anchora
2594 887 2736 940 assai
2752 889 2849 940 bon

956 977 1213 1047 ingegno’‚
1240 995 1327 1030 ma
1350 995 1458 1030 non
1484 978 1620 1031 cossi
1647 995 1798 1032 come
1822 978 1857 1029 l'
1885 979 2042 1042 altro,
2068 995 2155 1030 ma
2180 986 2340 1046 gusta
2357 976 2645 1032 benissime
2668 978 2722 1032 le
2738 994 2849 1031 cose

956 1067 1232 1134 spirituali,
1262 1076 1316 1122 et
1340 1068 1368 1120 ὃ
1395 1069 1608 1131 deuot0,
1639 1076 1693 1121 et
1717 1070 1837 1120 sara
1861 1069 2006 1119 bono
2037 1084 2131 1134 per
2156 1066 2353 1121 sentire
2376 1066 2427 1121 le
2450 1066 2777 1120 confessioni
2809 1067 2849 1120 le

957 1157 1092 1210 feste
1115 1165 1168 1211 et
1193 1157 1510 1211 domeniche
1533 1157 1841 1220 solamente,
1868 1174 1963 1225 per
1987 1174 2094 1209 non
2119 1156 2372 1225 impedire
2393 1155 2432 1207 il
2455 1173 2555 1209 suo
2579 1156 2783 1210 studio.

1058 1246 1121 1299 Li
1146 1246 1299 1299 amici
1323 1247 1460 1300 della
1485 1246 1814 1315 Compagnia
1838 1246 1929 1313 qui
1953 1248 2119 1299 molto
2143 1246 2455 1299 desiderano
2484 1248 2688 1300 hauere
2720 1247 2849 1299 delle

955 1351 1096 1388 noue
1118 1336 1256 1389 della
1279 1335 1628 1404 Compagnia,
1651 1344 1706 1388 et
1723 1336 1967 1390 massime
1989 1337 2128 1389 della
2146 1335 2312 1388 India.
2336 1334 2392 1390 Si
2412 1334 2624 1402 piacera
2641 1352 2674 1387 a
2693 1336 2763 1390 V.
2785 1337 2849 1388 R.

954 1425 1286 1477 mandarcele
1310 1425 1363 1477 in
1389 1425 1571 1489 latino,
1598 1424 1633 1476 l'
1657 1428 1943 1478 haueremo
1966 1424 2290 1490 charissimO,
2311 1443 2406 1493 per
2429 1432 2580 1492 poter
2598 1433 2849 1479 mostrare

953 1523 1008 1568 et
1031 1512 1272 1568 satisfare
1296 1515 1350 1568 in
1375 1524 1563 1582 questo
1588 1516 1689 1568 alle
1713 1515 1825 1567 loro
1856 1514 2145 1568 deuotioni.
2165 1516 2252 1569 Le
2277 1516 2410 1568 feste
2442 1523 2496 1569 et
2530 1515 2582 1568 le
2611 1515 2848 1568 domeni-

880 1587 887 1595 ’
953 1605 1056 1658 che
1078 1604 1467 1672 perseueriamo
1491 1604 1546 1658 in
1571 1604 1767 1658 sentire
1791 1604 1840 1658 le
1865 1604 2189 1658 confessioni
2214 1604 2270 1656 in
2293 1614 2448 1658 santo
2473 1605 2767 1671 Germane»,
2799 1614 2849 1658 et

951 1693 1080 1762 ogni
1103 1693 1159 1746 di
1186 1693 1239 1745 in
1265 1702 1417 1746 santo
1441 1695 1652 1758 Cosma,
1680 1710 1896 1761 apresso
1919 1694 1974 1746 di
2005 1710 2127 1747 casa
2150 1703 2348 1746 nostra.

1057 1784 1235 1851 Prego
1258 1784 1490 1835 anchora
1513 1785 1582 1836 V.
1611 1785 1700 1846 R„
1727 1783 1773 1834 si
1798 1783 1826 1835 ὲ
1851 1783 2118 1850 possibile,
2154 1783 2427 1837 mandarci
2458 1800 2564 1835 una
2594 1782 2848 1836 informa-

952 1871 1097 1924 tione
1119 1871 1174 1922 in
1199 1871 1363 1924 latino
1385 1873 1524 1925 della
1548 1871 1896 1935 institutione,
1926 1872 2118 1935 offici0‚
2146 1881 2200 1925 et
2232 1874 2390 1925 modo
2420 1871 2474 1924 di
2504 1871 2693 1925 viuere
2716 1873 2848 1925 della

951 1962 1307 2028 Compagnia,
1343 1979 1436 2034 per
1468 1970 1616 2029 poter
1647 1971 1903 2015 mostrare
1934 1962 2021 2015 alli
2054 1962 2286 2016 senatori
2315 1963 2401 2016 del
2431 1962 2779 2030 parlamento‚
2814 1978 2847 2013 o

949 2051 1017 2103 ad
1041 2051 1217 2104 alcuni
1241 2051 1293 2102 di
1320 2053 1450 2114 lor0,
1473 2068 1622 2104 come
1642 2053 1756 2105 fece
1776 2060 2001 2105 maestro
2020 2052 2217 2106 Lainez
2241 2051 2291 2104 al
2315 2060 2499 2104 senato
2519 2051 2575 2104 di
2600 2051 2845 2115 Venetia,

896 2175 903 2183 -
948 2141 1097 2192 accio
1130 2143 1229 2193 che
1265 2142 1478 2208 possino
1503 2143 1700 2196 hauere
1725 2142 1950 2207 qualche
1980 2142 2287 2210 cognitione
2318 2142 2457 2196 della
2491 2140 2843 2210 Compagnia.

949 2232 1070 2283 Non
1104 2231 1238 2283 altro
1269 2230 1443 2284 scriuo
1475 2248 1506 2282 a
1537 2233 1605 2284 V.
1642 2233 1730 2294 R.,
1758 2232 2028 2299 pregando
2070 2232 2108 2283 il
2139 2232 2353 2300 signore
2381 2231 2487 2286 Dio
2518 2232 2569 2283 la
2599 2230 2844 2284 conserui

948 2328 1003 2373 et
1026 2321 1301 2388 augmenti
1326 2321 1414 2374 nel
1435 2338 1534 2373 suo
1558 2330 1712 2374 santo
1735 2321 1974 2374 seruitio.

1048 2409 1118 2463 Di
1146 2409 1383 2478 Pariggi,
1410 2410 1498 2463 alli
1525 2423 1553 2477 5
1579 2411 1647 2464 de
1672 2412 1975 2463 Ncuembre
2006 2423 2154 2477 1552.

958 2508 964 2515 “
1048 2501 1132 2553 De
1157 2501 1227 2554 V.
1255 2502 1343 2567 R„

1431 2592 1752 2643 PAsanslo
1791 2593 2004 2654 Bam-rr,
2039 2591 2240 2659 figliolo
2269 2589 2560 2642 humilima

1047 2680 1350 2745 Inscriptio
1382 2680 1450 2732 Al
1475 2681 1639 2731 molto
1663 2681 1798 2732 Rdo.
1828 2680 1880 2731 in
1906 2682 2006 2733 Χ.Ο
2040 2681 2231 2743 Padre,
2265 2680 2301 2731 il
2337 2682 2396 2733 P.
2437 2682 2595 2733 Mtro.
2631 2681 2843 2748 Ignatio

941 2769 1011 2822 de
1044 2769 1260 2836 Loyola,
1297 2769 1561 2836 preposito
1593 2770 1730 2822 della
1762 2770 2090 2837 Compagnia
2123 2771 2191 2823 de
2222 2772 2357 2832 Iesu,
2392 2769 2445 2822 in
2482 2779 2637 2822 santa
2674 2770 2842 2825 Maria

939 2858 1079 2911 della
1102 2859 1312 2921 Strada‚
1340 2858 1394 2910 in
1419 2859 1603 2910 Roma.
1671 2881 1679 2889 ’

1043 2949 1170 3000 Alia
1194 2966 1378 3000 manu.
1410 2949 1514 2999 Pro
1537 2957 1696 3015 portu
1714 2947 1904 3015 julium
1931 2966 2113 3001 vnum.

1053 3039 1347 3105 Vestigium
1371 3038 1561 3106 sigilli.
