3788 4716
1029 635 1112 678 290
1743 626 1904 668 EPIST.
1938 624 1989 666 Ρ.
2022 625 2124 680 JAJ1

970 742 1134 794 chuni
1161 742 1214 793 di
1241 742 1411 793 nostri
1445 743 1748 810 compagni,
1794 742 1937 810 quali
1963 745 2030 796 da
2070 742 2175 796 Dio
2206 745 2386 795 hanno
2429 742 2678 810 receputi
2716 740 2881 793 talenti

968 832 1312 884 conuenienti
1345 850 1376 884 a
1407 834 1481 885 tal
1505 834 1703 896 vfficio,
1751 835 1965 901 quando
2005 834 2211 886 fussero
2254 832 2564 895 ricerchati‚
2614 833 2878 886 volesseno

967 923 1203 990 supplire
1228 922 1417 990 gratis,
1440 923 1554 975 cioe
1582 940 1742 975 senza
1767 923 2052 990 stipendiO,
2074 940 2106 975 a
2126 925 2197 975 tal
2223 923 2419 985 vfficio,
2442 921 2481 974 il
2501 924 2608 975 che
2631 921 2769 976 seria
2790 922 2867 973 bo-

967 1013 1186 1065 nissirno
1217 1013 1381 1064 odore
1424 1022 1478 1065 et
1514 1013 1868 1067 edificatione.
1908 1015 1974 1065 Et
1999 1013 2053 1064 in
2093 1021 2281 1080 questo
2319 1013 2480 1065 modo
2506 1029 2566 1067 se
2600 1012 2861 1081 potriaper
2934 1003 2940 1067 ’Ξ

963 1102 1049 1154 via
1073 1104 1141 1155 de
1167 1101 1402 1155 exercitii
1430 1103 1589 1155 tirare
1613 1102 1838 1155 scholari
1864 1104 1933 1156 de
1957 1111 2145 1170 questa
2163 1102 2348 1169 lingua
2369 1103 2634 1155 tudescha
2653 1102 2753 1154 allo
2768 1099 2851 1168 spi-

964 1192 1085 1255 rito,
1113 1193 1289 1244 donde
1314 1209 1415 1243 con
1435 1201 1614 1259 tempo
1635 1209 1693 1245 se
1720 1192 1889 1259 potria
1907 1210 2121 1260 sperare
2139 1194 2240 1246 che
2259 1192 2364 1245 Dio
2383 1210 2481 1259 per
2501 1209 2655 1245 mezo
2673 1192 2736 1243 de
2752 1206 2843 1257 per·

962 1299 1092 1334 sone
1123 1283 1424 1348 exemplare
1454 1291 1508 1334 et
1550 1284 1700 1334 dotte
1742 1284 2027 1336 reducesse
2071 1290 2259 1348 questa
2301 1282 2473 1348 patria
2517 1301 2549 1334 a
2582 1282 2635 1333 la
2677 1280 2833 1343 chiesa,

961 1372 1197 1424 secondo
1224 1374 1325 1424 che
1349 1372 1400 1423 lo
1432 1372 1644 1423 diauolo
1679 1389 1771 1439 per
1803 1389 1953 1425 mezo
1985 1372 2041 1423 di
2080 1372 2214 1424 tristi
2252 1372 2481 1439 apostati
2513 1371 2551 1422 li
2584 1374 2653 1422 ha
2683 1368 2831 1422 tiratia

960 1477 1165 1516 errore.

1065 1553 1313 1604 Hauemo
1339 1551 1394 1602 in
1421 1552 1643 1604 Colonia
1668 1569 1774 1603 vno
1799 1551 2052 1619 giouane,
2075 1553 2326 1604 chamato
2346 1562 2580 1605 maestro
2598 1549 2784 1604 Canisio
2800 1550 2824 1608 ¹,
2858 1576 2865 1602 .-

960 1642 1118 1707 quale
1143 1642 1211 1692 da
1236 1640 1438 1704 optimo
1463 1643 1625 1693 odore
1650 1643 1718 1695 de
1741 1643 1792 1693 la
1817 1659 1914 1693 sua
1938 1641 2048 1693 vita
2067 1650 2121 1693 et
2151 1641 2413 1703 doctrina,
2449 1642 2679 1694 secondo
2707 1638 2824 1690 vede-

962 1741 1073 1783 rete
1099 1732 1152 1781 in
1183 1748 1287 1782 vna
1320 1731 1508 1784 lettera
1550 1733 1636 1784 del
1678 1732 1862 1798 signor
1904 1733 2125 1784 doctore
2168 1732 2436 1783 Cochlaeo
2478 1733 2520 1782 ⁸.
2564 1729 2823 1796 Monsignor

961 1822 1115 1872 Rmo.
1139 1821 1406 1872 cardinale
1438 1821 1506 1872 de
1549 1823 1802 1887 Augusta
1826 1821 1901 1888 gli
1928 1829 2079 1888 porta
2121 1822 2293 1888 grand
2336 1821 2639 1883 affectione,
2664 1813 2820 1872 bench&

960 1927 1068 1962 non
1105 1910 1311 1962 ardisco
1342 1910 1643 1971 sollicitare,
1674 1910 1788 1961 acio
1813 1910 1847 1961 li
1873 1910 1952 1962 sia
1983 1910 2218 1963 mandati
2249 1910 2440 1970 dinari,
2470 1927 2566 1978 per
2599 1927 2701 1961 non
2721 1917 2820 1960 &er

960 2000 1281 2066 importum,
1322 2001 1518 2067 perche
1544 2009 1735 2066 questo
1769 2018 1909 2052 anno
1938 2002 2115 2052 hanno
2142 1999 2379 2066 receputi
2413 2000 2495 2052 fra
2528 1998 2650 2052 tutti
2679 1998 2753 2066 pisi
2776 1994 2820 2044 de

955 2099 1115 2143 cento
1140 2089 1313 2141 fiorini
1338 2091 1513 2143 d'or0.
1544 2092 1597 2141 Io
1621 2090 1688 2142 de
1721 2090 1840 2142 altri
1869 2089 2084 2143 vescoui
2110 2089 2132 2121 ¹²
2168 2107 2276 2141 non
2302 2093 2373 2141 ho
2406 2090 2512 2141 mai
2539 2092 2716 2143 voluto
2739 2086 2819 2136 ito-

956 2181 1119 2231 chare
1144 2167 1325 2232 denari
1348 2180 1401 2231 ni
1428 2197 1520 2246 per
1547 2198 1630 2231 me
1655 2179 1709 2231 ni
1735 2197 1829 2246 per
1853 2181 1986 2242 lor0‚
2012 2181 2263 2233 temendo
2283 2180 2463 2246 quello
2487 2182 2590 2231 che
2615 2179 2666 2231 in
2684 2182 2820 2245 questa

959 2269 1127 2336 patria
1153 2269 1378 2322 maxime
1405 2270 1629 2336 bisogna
1651 2279 1869 2331 temere,
1893 2269 2008 2322 cioe
2027 2271 2094 2321 de
2111 2269 2299 2322 venirli
2325 2269 2381 2320 in
2406 2269 2708 2337 suspicione
2723 2260 2822 2334 quod

899 2402 902 2406 .
955 2360 1228 2427 querimus
1255 2377 1357 2426 que
1383 2370 1563 2411 nostra
1589 2368 1732 2421 sunt,
1767 2369 1820 2411 et
1846 2377 1953 2410 non
1978 2360 2205 2412 salutern
2230 2376 2435 2412 eorum.

1061 2451 1128 2501 Et
1154 2449 1267 2502 acio
1294 2449 1349 2501 in
1377 2453 1546 2516 poche
1575 2450 1752 2516 parole
1777 2449 2069 2501 intendiate
2094 2467 2126 2502 a
2151 2451 2249 2500 che
2274 2450 2450 2516 pende
2476 2458 2667 2516 questa
2689 2462 2824 2516 opera,

955 2539 1071 2592 diro
1098 2550 1287 2605 queste
1310 2539 1687 2606 propositione,
1716 2540 1872 2605 quale
1897 2556 2029 2590 sono
2054 2539 2359 2593 verisimile.

1769 2679 1847 2730 LA
1888 2694 2058 2730 PmMA

1059 2810 1252 2875 Questi
1280 2809 1512 2870 vescoui,
1544 2825 1649 2859 non
1676 2810 2001 2860 mouendose
2029 2809 2330 2861 facilmente
2353 2826 2384 2858 a
2413 2811 2639 2861 fondare
2665 2806 2853 2876 collegii

955 2918 1048 2966 per
1073 2899 1297 2952 scholari
1327 2898 1603 2959 forestieri‚
1633 2908 1686 2949 et
1713 2916 1822 2948 non
1846 2899 2166 2951 trouandose
2190 2898 2423 2951 scholari
2445 2900 2713 2963 tudeschi‚
2733 2897 2859 2966 quali

955 2990 1256 3042 facilmente
1287 2988 1490 3039 faciano
1517 2989 1742 3054 disegno
1761 2989 1826 3038 de
1845 2988 1993 3039 voler
2012 2987 2279 3053 sequitare
2297 2989 2350 3040 la
2369 2997 2552 3041 nostra
2573 2990 2864 3051 vocatione,

952 3098 1059 3130 non
1086 3096 1241 3145 spero
1263 3080 1451 3130 adesso
1471 3081 1570 3130 che
1597 3079 1709 3128 loro
1743 3078 1961 3129 fondino
1994 3077 2206 3144 collegii
2238 3077 2544 3131 immediate
2588 3080 2823 3134 dedicati
2846 3096 2873 3132 a

954 3169 1002 3221 la
1031 3169 1364 3236 Compagnia
1390 3177 1589 3219 nostra.

1033 3301 1053 3332 h
1086 3301 1323 3342 Polam-us
1343 3299 1395 3340 in
1422 3299 1663 3353 margine:
1693 3300 1873 3353 Questo
1900 3298 1939 3339 si
1966 3297 2099 3339 dicha
2128 3297 2225 3353 [sic]
2255 3299 2330 3341 nel
2359 3298 2626 3344 manifesto.
2688 3305 2760 3337 —i
2790 3303 2882 3347 Hoc

947 3370 1071 3414 verb.
1096 3370 1163 3411 bis
1184 3369 1411 3423 scriplum
1432 3372 1497 3411 est
1520 3368 1569 3409 in
1591 3372 1783 3423 autogr.

1034 3490 1048 3511 ⁷
1112 3487 1160 3527 B.
1198 3487 1360 3528 Petrus
1396 3485 1610 3528 Canisius
1646 3485 1691 3527 in
1727 3485 2007 3526 Societatem
2042 3490 2284 3539 cooptatus
2318 3492 2391 3528 est
2425 3485 2453 3528 8
2487 3486 2601 3543 Maji
2646 3489 2778 3544 1543.
2814 3481 2886 3536 Cf.

946 3556 1367 3609 BRAUNSBERGER,
1389 3556 1476 3596 loc.
1500 3554 1595 3602 cit..
1623 3555 1660 3606 Ι,
1682 3563 1752 3606 75.

1029 3626 1046 3648 δ’
1106 3625 1307 3677 Joanncs
1332 3624 1597 3674 Dobeneck,
1625 3624 1768 3676 vulgo
1790 3622 2048 3665 Coehlaeus
2068 3625 2365 3678 (1479-1552),
2399 3630 2583 3668 «rector
2610 3627 2808 3673 scholae
2828 3633 2887 3675 la-

945 3693 1069 3734 tinae
1090 3692 1496 3745 norimbergensis,
1519 3690 1625 3732 dein
1647 3691 1847 3733 decanus
1870 3692 2094 3733 ecclesiae
2118 3693 2287 3735 Beatae
2307 3693 2477 3736 Mariae
2506 3693 2731 3750 Virginis
2754 3700 2886 3744 Frau-

939 3761 1109 3804 cofurti
1131 3761 1187 3803 ad
1217 3763 1447 3812 Moenum,
1480 3760 1663 3803 tandem
1692 3760 1939 3803 canonicus
1967 3761 2269 3816 eystettensis
2297 3769 2345 3805 et
2371 3762 2806 3824 vratislaviensis‚»
2832 3770 2886 3815 de

938 3845 1031 3887 quo
1072 3833 1198 3887 plura
1238 3833 1379 3873 habes
1420 3830 1538 3886 apud
1583 3832 1999 3882 BRAUNSBERGER,
2041 3834 2126 3873 loc.
2163 3832 2260 3887 cit„
2299 3832 2336 3884 1,
2377 3841 2447 3885 77.
2482 3833 2562 3878 Cf.
2602 3836 2887 3885 POLAxcms

943 3901 1140 3951 Clu-on„
1165 3901 1203 3953 l,
1225 3900 1295 3953 93.
