3788 4716
1003 583 1084 650 azo
1669 608 1832 652 Eris-r.
1864 607 1916 652 P.
1948 606 2136 652 Baofzrr

936 725 1159 793 signati,
1190 725 1412 799 Parisiis
1431 724 1485 777 in
1512 725 1629 778 vico
1655 741 1852 778 nucum
1876 725 2143 795 degentiS,
2172 726 2302 778 etin
2322 725 2562 794 registris
2582 725 2875 794 episcopa-

941 824 1034 867 tus
1052 826 1105 869 et
1124 816 1486 882 praefecturae
1505 815 1809 883 parisiensis
1828 814 2061 869 edictum
2081 815 2289 884 regium
2309 815 2644 883 insequentis
2659 814 2873 869 descri-

945 905 1024 972 pti
1055 916 1109 958 et
1142 905 1552 968 immatriculati,
1587 921 1650 957 ac
1683 905 1899 959 testium
1932 904 2415 973 infrascriptorum,
2453 913 2779 958 vocatorum
2816 914 2875 959 et

943 1002 1252 1063 rogatorum
1273 995 1590 1063 praesentia,
1607 1011 1859 1061 praesens
1878 1002 1933 1048 et
1953 994 2300 1062 personaliter
2311 994 2639 1047 constitutus
2661 994 2872 1048 disere-

946 1093 1032 1137 tus
1050 1083 1130 1135 vir
1145 1083 1400 1152 magister
1416 1083 1668 1136 Nicolaus
1684 1083 1957 1147 Bellefille,
1975 1085 2283 1151 praesbyter
2301 1084 2702 1153 andegavensis
2713 1084 2871 1137 dioe-

942 1173 1099 1237 cesiS,
1137 1175 1355 1226 fratrum
1393 1173 1672 1227 Societatis
1706 1174 1773 1227 de
1804 1173 2018 1225 nomine
2041 1175 2172 1243 Jesu
2209 1174 2424 1226 Parisiis
2456 1185 2781 1242 procurator
2814 1185 2870 1229 et

939 1264 1157 1316 nomine
1181 1263 1564 1330 procuratorio,
1598 1273 1654 1315 ut
1680 1263 1908 1326 dicebat,
1938 1260 2257 1316 venerabilis
2282 1263 2381 1316 viri
2400 1264 2601 1316 domini
2622 1266 2868 1317 Pascha·

944 1354 1008 1404 sii
1035 1357 1254 1416 Brouet,
1276 1354 1512 1407 eiusdem
1538 1353 1821 1406 Societatis
1846 1353 1900 1404 in
1921 1354 2023 1405 hac
2043 1353 2317 1421 provincia
2336 1353 2615 1422 parisiensi
2635 1372 2868 1422 praepo-

938 1443 1031 1497 siti
1056 1453 1112 1495 et
1135 1443 1439 1510 superioris,
1470 1460 1568 1497 nec
1594 1460 1702 1495 non
1726 1460 1785 1497 se
1804 1453 2000 1495 sortem
2023 1443 2223 1496 faciens
2241 1460 2402 1511 super
2421 1443 2624 1497 eisdem
2645 1444 2868 1496 domino

946 1537 1165 1598 Brouet,
1192 1534 1483 1601 superiore,
1512 1543 1566 1587 et
1598 1517 1848 1585 fratribus
1878 1532 2044 1601 ipsius
2077 1533 2378 1595 SocietatiS,
2406 1542 2461 1586 et
2487 1551 2579 1600 per
2603 1550 2699 1587 eos
2727 1533 2868 1587 infra

943 1623 1140 1692 scripta
1184 1624 1443 1675 ratificare
1487 1621 1818 1689 permittenS,
1865 1622 1955 1689 qui
1999 1624 2154 1675 modo
2197 1632 2250 1675 et
2288 1625 2458 1675 forma
2490 1623 2772 1676 contentis
2811 1623 2866 1676 in

934 1715 1172 1782 -quodam
1192 1714 1368 1765 rotulo
1395 1728 1643 1780 papyreO,
1667 1728 1826 1778 quem
1845 1720 1974 1765 tunc
1994 1713 2047 1764 in
2067 1712 2178 1766 suis
2198 1714 2414 1766 tenebat
2432 1712 2702 1776 manibus,
2727 1713 2843 1766 mih

944 1804 1149 1855 notario
1189 1802 1401 1870 publico
1443 1801 1777 1868 infrascripto
1820 1801 2031 1865 traditO,
2077 1803 2399 1869 provocabat
2438 1811 2492 1855 et
2528 1803 2859 1870 appellabat,

942 1892 1358 1960 provocavitque
1382 1900 1435 1944 et
1462 1892 1744 1959 appellavit
1763 1908 1824 1943 ac
1843 1899 2054 1946 caetera
2074 1892 2198 1944 fecit
2218 1901 2374 1960 prout
2394 1892 2448 1943 in
2467 1892 2661 1946 eodem
2685 1893 2868 1946 rotulo

944 1998 1179 2049 papyreo
1204 1981 1362 2034 latius
1388 1980 1750 2054 continentur.

1050 2072 1179 2124 Eius
1205 2080 1356 2125 tenor
1381 2071 1621 2138 sequitur
1646 2079 1700 2125 et
1731 2079 1814 2123 est
1846 2071 1982 2123 talis:
2020 2072 2109 2123 Ad
2140 2080 2482 2139 gravatorum
2520 2071 2777 2126 levamen
2813 2082 2870 2127 et

942 2178 1317 2229 oppressorum
1344 2160 1657 2223 subsidium,
1687 2161 2057 2228 appellationis
2077 2160 2367 2215 remedium
2389 2161 2686 2228 prudenter
2715 2161 2819 2214 fuit
2836 2180 2873 2214 a

945 2238 1234 2303 maioribus
1259 2251 1601 2304 adinventum
1627 2260 1679 2304 et
1704 2251 1985 2305 salubriter
2011 2251 2330 2313 institutum,
2367 2258 2429 2301 ut
2460 2250 2562 2312 his,
2596 2250 2696 2316 qui
2723 2251 2872 2319 inju-

942 2341 1074 2393 riam
1100 2357 1130 2393 a
1148 2339 1330 2407 judice
1355 2340 1409 2392 in
1428 2340 1631 2406 judicio
1656 2341 1741 2393 vel
1766 2349 1915 2394 extra
1943 2340 2083 2408 passi
2108 2349 2254 2403 sunt,
2277 2358 2403 2394 vere
2428 2348 2481 2393 et
2493 2340 2642 2407 juste
2663 2357 2872 2394 succu-

942 2438 1136 2482 rratur.
1177 2431 1315 2483 Cum
1354 2429 1532 2495 itaque
1574 2429 1812 2484 Societas
1859 2430 2077 2482 fratrum
2121 2429 2349 2481 nominis
2385 2431 2516 2499 Jesu
2565 2428 2655 2481 Χ.ἰ
2705 2432 2873 2486 fuerit

946 2536 1133 2586 nuper,
1163 2519 1248 2572 die
1273 2519 1520 2572 videlicet
1547 2534 1611 2584 27
1638 2520 1834 2572 mensis
1862 2519 1986 2572 Maii
2013 2519 2297 2571 novissime
2330 2519 2638 2586 praeterita,
2681 2522 2874 2588 gravi-

944 2618 1024 2660 ter
1043 2609 1184 2681 laesa
1203 2618 1256 2662 et
1276 2610 1559 2663 enormiter
1579 2617 1801 2677 gravata
1820 2626 1851 2660 a
1869 2608 2038 2671 vobiS‚
2059 2608 2346 2660 venerabili
2366 2608 2480 2660 viro
2500 2609 2728 2663 dcmino
2747 2612 2868 2664 offi-

942 2698 1062 2750 ciali
1087 2698 1379 2765 parisiensi,
1404 2699 1471 2750 ad
1496 2698 1801 2751 instantiam
1820 2715 1917 2751 seu
1943 2708 2241 2765 requestam
2267 2715 2364 2751 seu
2389 2698 2567 2765 potius
2592 2698 2873 2767 importu-

940 2806 1065 2839 nam
1108 2788 1503 2855 subreptionem
1535 2797 1589 2839 et
1621 2788 1985 2854 obreptionem
2018 2787 2294 2839 cuiusdam
2329 2787 2517 2840 asserti
2548 2788 2739 2843 curiae
2771 2807 2854 2843 ve·

942 2886 1085 2930 strae
1115 2878 1448 2945 promotoriS,
1488 2879 1612 2930 licet
1645 2877 1784 2931 enim
1816 2877 2085 2945 praedicta
2120 2877 2298 2930 fratria
2329 2893 2424 2929 seu
2467 2877 2717 2931 Societas
2752 2881 2870 2946 jam

942 2968 1145 3034 pridem
1178 2968 1337 3020 fuerit
1371 2976 1423 3022 et
1456 2968 1526 3019 sit
1557 2986 1651 3035 per
1685 2968 1864 3021 sedem
1899 2966 2242 3033 apostolicam
2276 2975 2330 3020 et
2361 2984 2455 3034 per
2487 2979 2873 3023 sacrosanctos

942 3074 1186 3110 romanos
1206 3057 1481 3124 pontifices
1501 3058 1810 3124 approbata,
1836 3065 1894 3107 ut
1913 3066 1934 3087 ⁸
1952 3055 2161 3123 plenius
2182 3056 2236 3108 in
2256 3056 2415 3108 bullis
2433 3056 2669 3124 desuper
2695 3060 2872 3112 refer·

940 3147 1009 3198 tis
1034 3146 1355 3208 continetur,
1393 3147 1696 3212 dictamque
1730 3146 2049 3199 Societatem
2084 3145 2362 3198 orthodoxi
2395 3155 2450 3198 et
2482 3145 2873 3203 christifideles

941 3237 997 3287 in
1023 3237 1186 3300 Italia,
1216 3236 1411 3298 Sicilia,
1442 3236 1717 3303 Hispania,
1755 3236 2046 3298 Lusitania,
2085 3236 2383 3304 Hungaria‚
2420 3236 2735 3299 Germania,
2777 3239 2870 3293 In-

939 3326 1043 3376 diis
1085 3335 1138 3381 et
1181 3326 1295 3379 aliis
1336 3326 1558 3377 diversis
1592 3325 1774 3377 mundi
1806 3326 2045 3393 partibus
2089 3326 2384 3392 receperint
2427 3335 2480 3378 et
2520 3327 2868 3392 admiserint,

941 3415 1176 3483 nihilque
1195 3416 1416 3483 'reperiri
1442 3416 1608 3483 possit
1633 3416 1685 3467 in
1712 3417 1828 3483 ejus
1853 3415 2136 3469 Societatis
2168 3415 2428 3479 institut0,
2466 3416 2610 3482 quod
2649 3434 2765 3470 non
2800 3419 2871 3472 sit

938 3507 1199 3559 ecclesiae
1217 3516 1270 3558 et
1288 3507 1637 3558 sacrosanctis
1658 3506 1894 3560 eiusdem
1914 3505 2254 3574 generalibus
2279 3505 2535 3568 conciliiS‚
2557 3508 2872 3562 canonibus

941 3603 996 3647 et
1022 3596 1245 3648 decretis
1269 3598 1559 3659 conforme,
1593 3597 1886 3662 fratresque
1910 3594 2162 3648 antedicti
2188 3595 2434 3647 omnibus
2466 3595 2630 3647 animi
2659 3605 2714 3650 et
2744 3615 2870 3651 cor-

935 3685 1081 3751 poris
1108 3684 1283 3739 nervis
1308 3687 1483 3737 cultus
1508 3685 1671 3737 divini
1698 3685 1929 3738 numinis
1949 3693 2298 3753 augmentum
2325 3693 2632 3752 procurent,
2658 3686 2872 3740 nemini

1022 3894 1043 3912 ὲ·
1100 3886 1171 3923 est
1190 3882 1357 3937 apogr.
1382 3883 1615 3932 nostrum·
1634 3882 1714 3924 sed
1734 3881 1985 3937 legendum
2007 3882 2196 3923 videtur
2217 3887 2282 3924 ut.
