3788 4716
1238 613 1398 658 Eius-r.
1430 612 1485 667 39
1506 613 1661 666 bia—7
1692 613 1980 657 Dsscmfflms
2013 614 2120 668 1556
2498 612 2581 656 883

825 733 866 784 ll
889 731 1195 794 banchiem,
1224 734 1324 783 che
1347 731 1397 783 ci
1423 732 1573 785 suole
1598 732 1725 784 dare
1750 732 1919 799 gratis
1952 733 2005 784 le
2034 733 2223 785 lettere
2259 735 2360 805 che
2385 749 2636 800 vengono

718 822 772 874 di
800 824 988 884 Roma,
1018 821 1067 873 ci
1093 823 1163 873 ha
1190 829 1411 889 pregato
1436 822 1491 873 di
1533 821 1767 876 scriuere
1793 840 1824 874 a
1859 823 1929 875 V.
1960 824 2023 874 R.
2054 839 2148 890 per
2185 823 2295 874 fare
2320 821 2562 889 espedire
2587 823 2660 875 le'

719 911 1057 979 indulgentie
1081 912 1167 964 del
1187 929 1348 979 corpo
1380 911 1435 963 di
1470 911 1570 964 Χ.ο
1601 913 1738 965 della
1765 912 2007 965 Minerua
2033 912 2088 963 in
2115 911 2302 975 Roma,
2331 912 2565 964 secondo
2590 913 2639 963 la

718 1002 927 1054 minuta
953 1002 1177 1067 inclusa,
1206 1010 1260 1054 et
1285 1002 1463 1068 quello
1495 1004 1598 1055 che
1621 1006 1836 1054 costara
1866 1003 1919 1054 lo
1952 1002 2240 1063 restituit-a,
2274 1020 2307 1053 o
2332 1011 2641 1055 veramente

720 1092 790 1145 V.
823 1094 887 1144 R.
917 1091 966 1143 ci
993 1091 1170 1143 mandi
1195 1099 1397 1158 quanto
1416 1095 1623 1144 costara
1649 1109 1743 1160 per
1766 1092 1804 1142 l’
1833 1090 2181 1158 espeditione,
2204 1100 2259 1144 et
2284 1093 2336 1143 lo
2363 1091 2637 1144 mandata.

829 1183 1207 1250 Aspettaremo
1231 1182 1419 1233 lettere
1442 1181 1495 1232 di
1523 1183 1590 1234 V.
1621 1183 1686 1234 R.
1717 1199 1809 1249 per
1833 1198 2019 1249 sapere
2038 1183 2252 1248 quando
2273 1182 2309 1233 il
2340 1182 2515 1235 Padre
2534 1182 2641 1233 don

724 1272 957 1324 Battista
984 1271 1139 1323 Viola
1164 1280 1219 1323 et
1245 1271 1295 1323 io
1320 1271 1368 1322 ci
1393 1272 1642 1323 douiamo
1665 1272 1863 1338 partire
1889 1289 1981 1338 per
2005 1271 2154 1323 Italia
2180 1273 2218 1323 ⁹.

829 1363 954 1413 Non
979 1362 1116 1412 altro
1143 1378 1235 1428 per
1260 1361 1450 1414 adesso
1474 1360 1548 1429 gli
1592 1361 1788 1424 scriu0,
1835 1362 2111 1429 pregando
2154 1361 2191 1412 il
2223 1362 2442 1430 signore
2467 1362 2573 1416 Dio
2595 1365 2646 1415 la

718 1451 975 1504 conserui
1002 1461 1055 1502 et
1080 1451 1357 1518 augmenti
1383 1452 1467 1502 nel
1495 1468 1594 1503 suo
1625 1460 1781 1503 santo
1807 1451 2044 1504 seruitio,

831 1548 904 1600 Di
928 1547 1131 1615 Parigi,
1160 1548 1246 1599 alli
1269 1562 1299 1612 7
1326 1548 1379 1598 di
1401 1549 1700 1601 Decembre
1727 1549 1877 1614 1556.

833 1637 904 1689 Di
931 1639 997 1689 V.
1030 1639 1094 1689 R.

1292 1730 1615 1780 PASCHAsm
1645 1730 1862 1789 BROET,
1890 1743 2048 1779 seruo
2072 1727 2365 1780 humilima

832 1818 1141 1893 Inscriptio.
1168 1817 1239 1869 Al
1266 1818 1431 1869 molto
1457 1818 1594 1870 Rdo.
1618 1816 1671 1868 in
1692 1818 1794 1868 Χ.ο
1815 1816 2007 1879 Padre,
2030 1817 2067 1867 il
2096 1819 2157 1869 P.
2184 1819 2257 1870 M.
2282 1820 2506 1886 Jacomo
2527 1819 2650 1872 Lai·

714 1924 848 1971 nez,
880 1906 1077 1958 vicario
1108 1907 1361 1973 generale
1393 1907 1531 1958 della
1566 1906 1898 1974 Compagnia
1924 1906 1977 1957 di
2014 1909 2164 1975 Jesh,
2212 1906 2266 1958 in
2300 1917 2453 1960 santa
2481 1909 2651 1961 Maria

715 1997 870 2050 della
897 1997 1107 2058 Strada‚
1139 1995 1192 2046 in
1220 1997 1407 2047 Roma.
1755 2001 1760 2005 ”

836 2086 963 2136 Alia
989 2102 1175 2136 manu.
1206 2086 1269 2137 C.
1315 2086 1464 2151 1556.
1504 2088 1682 2154 Jesus,
1716 2085 1916 2153 Parigi.
1964 2086 2033 2139 Di
2079 2089 2241 2143 Mtr0.
2281 2089 2590 2151 PaschasiO,
2622 2103 2652 2153 7

715 2177 780 2229 di
812 2174 949 2228 X.bre
975 2177 1082 2227 R.¹²
1107 2192 1137 2226 a
1171 2191 1207 2227 x
1231 2175 1284 2226 di
1311 2176 1559 2229 Gennaio
1593 2189 1677 2241 57.

837 2270 908 2319 Et
933 2270 1059 2319 alia.
1093 2268 1162 2321 Di
1188 2278 1342 2336 porto
1368 2285 1474 2319 vno
1503 2283 1711 2334 grosso.

721 2464 897 2523 poiche
918 2463 958 2505 si
979 2463 1108 2519 potr&
1129 2464 1221 2505 ben
1240 2463 1461 2517 scriuere,
1478 2467 1527 2505 et
1546 2461 1727 2503 riceuer
1747 2461 1961 2516 risposta,
1977 2460 2021 2504 ci
2042 2443 2221 2505 auisefa
2243 2461 2290 2505 in
2305 2469 2475 2519 questo
2498 2475 2657 2505 mezzo

720 2533 807 2578 del
829 2545 997 2589 prezzo
1017 2532 1063 2574 di
1084 2532 1237 2587 quelle
1256 2530 1302 2573 di
1333 2530 1505 2586 Parigi.
1534 2530 1702 2585 Quelle
1722 2529 1770 2572 di
1792 2530 1935 2573 Lione
1965 2529 2004 2572 si
2033 2537 2255 2585 poti-anno
2273 2529 2477 2574 differire
2507 2531 2659 2575 insino

726 2604 774 2647 al
798 2609 958 2657 tempo
977 2603 1063 2644 che
1083 2606 1279 2644 saratino
1289 2601 1334 2642 in
1357 2599 1542 2654 uiaggio
1564 2613 1644 2654 per
1655 2599 1785 2642 uenit
1804 2613 1939 2656 qua.»
1961 2600 2028 2642 Ex
2047 2600 2251 2656 Regest„
2269 2601 2361 2644 vol.
2380 2600 2435 2656 V,
2456 2599 2535 2643 fol.
2554 2612 2657 2654 59v.

819 2672 840 2698 ὓ
897 2669 1150 2727 Convocati
1184 2668 1365 2711 fuerant
1397 2667 1453 2710 ad
1482 2667 1888 2722 congregationem
1921 2670 2206 2723 generalem,
2241 2675 2375 2724 prout
2402 2675 2593 2724 apparet
2612 2669 2659 2712 in

727 2740 934 2797 epistola
952 2738 1028 2781 die
1049 2738 1210 2781 ultima
1229 2736 1447 2783 Octobris
1471 2737 1714 2780 Paschasio
1730 2737 1912 2780 nomine
1934 2736 1987 2779 P.
2012 2737 2161 2780 Lainii
2175 2736 2298 2792 data,
2315 2737 2393 2780 ubi
2410 2738 2523 2780 haec
2540 2738 2662 2780 inter

727 2810 825 2854 alia
839 2809 1084 2852 habentur:
1108 2807 1435 2849 «Riceuemmo
1455 2807 1608 2862 quelle
1627 2804 1687 2848 de
1709 2816 1733 2859 5
1753 2806 1801 2847 di
1822 2806 2085 2849 Settembre
2106 2806 2165 2849 de
2186 2807 2244 2849 V.
2266 2807 2323 2848 R.
2345 2806 2450 2861 [hae
2477 2807 2660 2849 litterae

732 2878 933 2940 periisse
962 2875 1193 2931 videntur]
1214 2881 1263 2917 et
1289 2875 1433 2917 anche
1463 2874 1521 2917 lei
1551 2874 1718 2916 hauera
1745 2874 1953 2917 riceuuto
1979 2876 2094 2917 altre
2123 2882 2331 2918 nostre...
2354 2874 2506 2918 dando
2533 2874 2664 2917 auiso

737 2947 1012 3006 particolare
1041 2944 1116 2987 del
1139 2944 1332 2987 transito
1352 2944 1397 2986 di
1422 2951 1577 2987 nostro
1599 2943 1763 2998 Padre,
1785 2954 1832 2986 et
1864 2958 1995 2987 come
2017 2958 2097 3000 per
2114 2946 2145 2987 l'
2168 2944 2367 2987 election
2387 2944 2446 2987 de
2466 2958 2527 2987 un
2548 2945 2664 2987 altro

736 3017 930 3075 general
953 3014 991 3058 si
1012 3014 1192 3057 doueua
1212 3027 1237 3056 a
1269 3015 1311 3056 13
1339 3014 1594 3069 primauera
1621 3025 1877 3067 congregat
1906 3014 1947 3055 la
1975 3013 2262 3069 Compagnia
2288 3013 2335 3056 d'
2365 3014 2474 3068 ogni
2494 3012 2662 3068 banda,

737 3087 843 3131 cine
863 3086 894 3128 il
917 3084 1196 3140 prouinciale
1217 3095 1303 3126 con
1324 3082 1401 3125 doi
1421 3081 1617 3138 professi
1635 3081 1696 3124 de
1715 3082 1823 3136 ogni
1845 3081 2101 3138 prouincia.
2125 3083 2198 3125 Ma
2219 3082 2266 3125 di
2285 3084 2438 3138 quella
2458 3081 2505 3125 di
2527 3083 2562 3124 F
2564 3095 2665 3124 ran-

739 3157 815 3201 cia
833 3157 1089 3198 solamente
1111 3155 1153 3196 la
1173 3154 1229 3195 R.
1252 3152 1308 3194 V.
1331 3153 1401 3195 col
1429 3151 1572 3194 Padre
1593 3150 1683 3193 don
1712 3150 1919 3206 Baptista
1936 3152 2069 3195 Viola
2090 3153 2351 3195 haueranno
2370 3165 2396 3194 a
2417 3151 2592 3207 uenire,
2617 3158 2666 3193 et

741 3225 899 3269 nuanti
920 3225 1005 3266 che
1027 3223 1094 3265 sia
1115 3229 1284 3278 tempo,
1309 3222 1347 3263 si
1375 3232 1686 3264 receueranno
1716 3221 1880 3262 lettere
1915 3228 2117 3264 nostren»
2147 3222 2215 3263 Ex
2247 3221 2450 3277 Regest„
2489 3222 2581 3263 vol.
2605 3222 2665 3274 V,

746 3294 828 3339 tul.
849 3304 954 3347 7ov.
976 3291 1094 3334 Vide
1114 3290 1334 3346 epistolas
1355 3290 1511 3332 Broeti
1532 3290 1620 3333 suh
1639 3289 1842 3332 numeris
1870 3287 1925 3342 43
1947 3279 2005 3332 et*
2028 3301 2083 3343 44
2111 3289 2301 3346 positas3
2324 3296 2371 3332 et
2393 3290 2546 3344 PRAT‚
2572 3289 2667 3332 Me-

747 3364 920 3408 moires
935 3365 1063 3419 pour
1081 3360 1237 3404 servir
1255 3361 1284 3402 ἁ
1305 3360 1535 3402 l’histoire
1555 3360 1621 3400 du
1644 3358 1701 3400 P.
1723 3359 1882 3410 fimet,
1903 3371 2008 3413 pag.
2031 3357 2113 3401 336
2135 3366 2182 3402 et
2202 3372 2332 3416 seqq.
