3788 4716
1005 608 1090 662 370
1723 608 1883 649 rzmsr.
1919 608 1968 648 P.
2001 608 2101 662 μμ

951 728 1188 778 douerne
1214 726 1381 793 prima
1408 728 1610 793 parlare
1636 746 1668 778 a
1693 725 2002 793 monsignor
2039 728 2190 778 ano,
2227 726 2532 787 labacense‚
2570 742 2660 792 per
2687 737 2812 778 δεῦτε

956 826 1102 867 tanto
1139 826 1344 878 nostr0,
1384 817 1540 882 quale
1572 834 1656 867 me
1690 816 1830 868 disse
1862 818 1963 867 che
1996 816 2029 866 il
2065 835 2120 870 re
2153 817 2256 867 mal
2293 816 2583 869 voluntieri
2612 834 2667 869 se
2694 815 2809 883 impa-

955 925 1087 958 zaua
1112 907 1179 959 de
1204 907 1253 959 le
1278 924 1403 959 cose
1428 907 1495 959 de
1522 908 1562 958 F
1567 907 1748 958 iandra
1774 924 1807 955 o
1830 907 1897 959 de
1925 906 2206 973 Hispagna
2232 922 2328 973 per
2353 907 2464 958 bon
2491 905 2719 973 rispetto,
2737 890 2803 956 etc.

960 999 1020 1046 lit
1065 997 1258 1063 perche
1306 996 1614 1063 monsignor
1666 997 1820 1047 Rmo.
1877 999 2255 1063 MartenengO,
2304 995 2507 1048 nuncio
2549 994 2801 1063 apostolico,

955 1087 1119 1137 molto
1146 1086 1408 1139 fauorisce
1433 1104 1464 1137 a
1491 1094 1628 1137 tutte
1655 1087 1702 1137 le
1736 1101 1860 1138 cose
1885 1095 2084 1148 nostre,
2117 1085 2187 1164 nii
2225 1103 2381 1154 parse
2406 1087 2477 1139 de
2508 1087 2800 1138 (1011οτ0.ωο-

955 1175 1110 1228 ferire
1134 1192 1236 1227 con
1260 1177 1319 1228 S.
1350 1175 1485 1228 Sria.
1516 1178 1693 1236 Rma.,
1723 1176 1879 1242 quale
1904 1176 2230 1229 intendendo
2255 1177 2307 1227 la
2338 1192 2487 1238 cosa,
2514 1176 2650 1228 disse
2671 1171 2798 1227 chelui

953 1266 1143 1319 voleua
1168 1265 1204 1316 il
1236 1265 1405 1331 primo
1438 1266 1643 1331 parlare
1678 1266 1728 1316 al
1763 1284 1817 1318 re
1850 1266 1916 1316 de
1954 1276 2162 1331 queste,
2198 1274 2252 1319 et
2285 1266 2428 1318 cossi
2463 1266 2595 1319 fece.
2620 1266 2667 1316 ·11
2691 1277 2734 1317 re
2754 1260 2797 1329 gli

955 1354 1172 1422 ris-pose,
1201 1356 1301 1407 che
1338 1354 1591 1406 scriueria
1623 1355 1724 1407 alla
1757 1372 1854 1406 sua
1880 1355 2090 1418 sorella,
2119 1372 2204 1406 ma
2235 1358 2337 1408 che
2372 1354 2546 1422 prima
2575 1354 2643 1404 mi
2671 1354 2795 1404 volem

955 1445 1175 1510 parlare,
1204 1461 1297 1510 per
1316 1443 1561 1496 intendre
1581 1445 1718 1496 bene
1741 1453 1879 1495 tutto
1899 1444 1934 1495 il
1954 1445 2189 1512 negotiO.
2213 1444 2273 1496 Si
2294 1446 2397 1497 che
2416 1443 2575 1496 andai
2593 1446 2655 1496 da
2670 1444 2714 1496 S.
2737 1442 2794 1499 M..

953 1542 1005 1584 et
1030 1532 1105 1599 gli
1132 1533 1344 1585 mostrai
1374 1551 1476 1584 vna
1502 1533 1653 1600 copia
1678 1536 1745 1587 de
1771 1534 1820 1585 la
1844 1533 2101 1601 supplica,
2125 1534 2280 1600 quale
2306 1535 2364 1584 fu
2391 1535 2527 1586 satta
2543 1533 2597 1586 in
2617 1536 2794 1600 Augusti

955 1642 1045 1689 per
1070 1632 1377 1690 presentare
1401 1625 1488 1675 all'
1519 1624 1853 1691 imperatore.
1885 1624 2034 1677 Vista
2058 1625 2252 1691 quella,
2280 1623 2424 1675 disse
2461 1627 2562 1678 che
2593 1619 2794 1680 seriueria·

953 1723 1006 1766 et
1032 1713 1076 1765 si
1108 1714 1137 1767 ὲ
1170 1731 1325 1782 parso
1356 1731 1388 1765 a
1421 1716 1478 1764 S.
1517 1717 1589 1766 M.
1628 1716 1693 1766 de
1727 1716 1978 1767 mandare
2008 1716 2059 1767 13
2094 1716 2242 1768 detta
2274 1707 2518 1781 supplica
2548 1715 2646 1766 alla
2672 1711 2796 1780 regim

956 1803 1139 1865 Maria,
1169 1803 1390 1856 insieme
1415 1821 1518 1855 con
1545 1805 1596 1855 la
1622 1822 1719 1855 sua
1743 1806 1900 1858 lettra
1920 1808 1957 1856 ³.
1990 1806 2273 1858 Mandamo
2297 1805 2401 1856 alla
2421 1807 2487 1857 R.
2514 1806 2578 1857 P.
2606 1805 2666 1856 V.
2685 1804 2725 1856 le
2737 1801 2797 1851 doe

953 1894 1124 1959 copie,
1152 1903 1207 1946 et
1231 1895 1298 1945 de
1323 1894 1373 1945 la
1399 1895 1587 1947 lettera
1611 1896 1696 1946 del
1723 1913 1798 1959 re,
1827 1904 1879 1948 et
1898 1896 1966 1949 de
1984 1896 2034 1946 la
2053 1895 2312 1963 supplica,
2336 1894 2454 1946 acio
2472 1893 2694 1962 parendo
2707 1886 2795 1948 aleis

957 1984 1006 2034 le
1034 1984 1211 2034 mandi
1234 2002 1265 2036 3
1293 1986 1365 2036 Μ.
1399 1984 1636 2036 Adriano
1662 1985 1714 2035 in
1748 1985 1981 2037 Louanio
2009 1987 2046 2035 ⁴.

1061 2075 1118 2123 1:
1139 2074 1273 2124 altro
1299 2083 1463 2139 ponto
1488 2073 1531 2125 si
1561 2075 1608 2133 0,
1639 2078 1738 2125 che
1765 2075 1798 2124 il
1829 2093 1882 2127 re
1910 2075 2073 2126 molto
2090 2076 2351 2142 desydera
2371 2084 2664 2126 restaurare
2684 2072 2714 2124 il
2729 2079 2801 2122 stu·

953 2162 1040 2213 dio
1065 2163 1131 2214 de
1157 2163 1207 2214 13
1229 2179 1379 2215 sacra
1407 2163 1692 2228 theologia,
1720 2164 1876 2217 etiam
1903 2164 2238 2227 scholastica,
2265 2164 2322 2216 in
2341 2173 2536 2231 questa
2553 2159 2800 2216 vniuersita

948 2262 1003 2303 et
1028 2270 1122 2319 per
1147 2262 1337 2318 questo
1361 2255 1545 2305 effetto
1571 2256 1638 2304 ha
1665 2257 1795 2305 fatto
1822 2254 1924 2305 doe
1948 2270 2090 2306 cose.
2123 2255 2196 2307 La
2222 2253 2409 2321 prima,
2441 2255 2512 2306 ha
2539 2255 2665 2305 fatto
2685 2247 2803 2319 quiin

953 2342 1161 2394 Vienna
1188 2360 1291 2394 vna
1316 2343 1478 2404 dieta,
1509 2345 1646 2396 nella
1673 2345 1828 2409 quale
1854 2361 1912 2396 se
1938 2360 2070 2395 sono
2104 2342 2300 2395 trouati
2335 2343 2460 2395 tutti
2496 2342 2533 2395 li
2563 2341 2674 2410 capi
2702 2342 2753 2393 de
2772 2338 2805 2387 le

948 2450 1045 2484 sue
1073 2432 1362 2498 prouincie;
1393 2442 1446 2484 et
1473 2435 1650 2484 hanno
1676 2434 1948 2493 concluso,
1978 2435 2077 2486 che
2097 2433 2224 2500 ogni
2246 2432 2527 2499 prouincia
2543 2434 2675 2487 deba
2690 2430 2805 2482 inter-

953 2532 1133 2574 tenere
1159 2540 1229 2572 vn
1255 2531 1403 2574 certo
1431 2539 1651 2574 numero
1678 2523 1744 2572 de
1770 2522 2016 2584 scholari,
2044 2522 2187 2588 quali
2220 2522 2418 2574 habino
2448 2523 2521 2576 de
2551 2515 2805 2575 studiarein

949 2612 1239 2680 theologia,
1268 2621 1320 2664 et
1351 2613 1486 2664 farse
1512 2613 1666 2679 preti,
1695 2613 1810 2663 acio
1828 2631 1886 2666 se
1910 2630 2067 2679 possa
2090 2614 2387 2680 prouedere
2411 2614 2481 2666 de
2507 2610 2700 2681 pastori
2716 2606 2805 2662 nelk
2827 2645 2831 2650 -

952 2702 1243 2767 parrochie.
1290 2702 1562 2764 Seconclo,
1599 2720 1628 2753 a
1661 2712 1849 2767 questo
1886 2704 1988 2755 fine
2020 2702 2156 2766 dice,
2192 2705 2294 2755 che
2325 2705 2413 2755 vol
2456 2702 2635 2755 inanzi
2671 2696 2805 2753 nadab

947 2793 1074 2843 (lare
1100 2793 1319 2843 entrada
1347 2793 1512 2844 ferma
1547 2810 1636 2858 per
1672 2792 1992 2845 intretenere
2030 2801 2201 2846 trenta
2238 2793 2473 2845 scholari
2511 2795 2579 2846 de
2615 2793 2663 2844 la
2695 2791 2805 2870 Com·-

950 2883 1144 2949 pagnia
1171 2892 1369 2941 nostra,
1397 2881 1513 2933 acio
1532 2884 1598 2933 (10
1625 2891 1815 2948 questo
1840 2881 2067 2949 collegio
2093 2900 2249 2949 possa
2274 2886 2475 2948 hauere
2504 2878 2755 2951 professori
2771 2875 2806 2926 5¹¹

950 2972 1221 3038 theologia
1248 2980 1301 3025 et
1325 2972 1571 3032 scholari,
1602 2972 1741 3038 quali
1770 2972 1967 3022 habino
1991 2990 2168 3026 essere
2201 2973 2446 3040 exempio
2479 2975 2548 3026 de
2584 2976 2711 3026 bona
2736 2966 2808 3019 vita

945 3081 976 3112 a
1002 3062 1075 3128 gli
1103 3063 1241 3122 altri,
1270 3071 1323 3114 et
1347 3062 1506 3114 etiam
1536 3079 1628 3128 per
1661 3079 1810 3114 mezo
1835 3063 1886 3112 di
1921 3063 2061 3128 quali
2092 3080 2150 3114 se
2186 3079 2344 3129 possa
2381 3063 2682 3117 introdurre
2710 3053 2808 3125 negli

944 3152 1062 3202 altri
1092 3154 1142 3202 lo
1167 3152 1423 3203 exercitio
1448 3153 1514 3204 de
1541 3154 1590 3202 la
1619 3151 1904 3218 theologia,
1934 3152 2273 3219 disputandO,
2302 3162 2357 3205 et
2383 3153 2611 3207 facendo
2643 3151 2733 3205 acti
2747 3163 2808 3200 80·

947 3241 1022 3292 liti
1048 3244 1115 3294 (10
1141 3244 1250 3293 fare
1278 3243 1414 3293 nelle
1440 3243 1571 3293 altre
1598 3243 1974 3304 Vniuersitade,
2004 3259 2157 3295 como
2190 3243 2244 3293 in
2272 3242 2462 3295 Pariso
2486 3252 2541 3297 et
2576 3243 2632 3307 in
2666 3239 2812 3306 Hispa·

944 3349 1070 3393 gna,
1101 3342 1206 3383 etc.
1239 3334 1303 3383 Et
1328 3341 1517 3397 questo
1544 3334 1570 3383 ὲ
1600 3333 1747 3398 quasi
1777 3333 1808 3383 il
1838 3332 2092 3399 principal
2120 3333 2303 3393 fruttO,
2333 3335 2493 3399 quale
2518 3335 2582 3388 S.
2610 3336 2679 3387 M.
2702 3344 2815 3399 spera

1027 3542 1042 3563 ’-
1104 3541 1309 3596 Ignatius
1329 3542 1433 3597 jajo
1455 3552 1509 3592 24
1533 3542 1766 3584 Februarii
1787 3549 1834 3584 et
1854 3541 1903 3582 ‚31
1939 3542 2088 3584 Martii
2112 3551 2213 3596 1551
2238 3542 2360 3586 inter
2378 3542 2472 3586 alia
2495 3542 2825 3589 commendabat.

946 3618 996 3652 ut
1017 3610 1191 3652 litteras
1213 3610 1381 3652 favoris
1401 3626 1428 3653 a
1452 3611 1755 3666 Ferdinando,
1772 3625 1882 3666 rege
1899 3623 2205 3665 romanorum,
2223 3624 2306 3667 pro
2321 3612 2424 3669 ejus
2444 3626 2607 3658 sorore
2626 3614 2831 3664 uariare-
2858 3607 2861 3611 ¹

940 3679 1049 3734 gina
1071 3680 1334 3729 Bohemiae‚
1357 3680 1640 3735 impetraret,
1660 3681 1828 3736 quibus
1856 3680 2038 3735 collegii
2070 3680 2351 3724 lovaniensis
2377 3680 2596 3727 fundatio
2621 3691 2667 3728 et
2690 3679 2834 3727 dotatio

940 3749 1114 3791 facilior
1136 3749 1418 3793 redderetur.
1438 3749 1511 3793 Cf.
1532 3750 1824 3802 potamau-1,
1849 3750 2045 3804 Chron„
2064 3750 2122 3800 ΙΙ,
2138 3749 2193 3792 68
2214 3757 2263 3793 et
2282 3750 2354 3804 853
2375 3758 2427 3793 et
2447 3752 2668 3797 Monam.
2690 3754 2825 3811 Ignes.

943 3819 1113 3874 lapist„
1138 3818 1194 3862 ad
1215 3819 1336 3861 diem
1360 3830 1412 3871 24
1437 3821 1570 3862 Febr.
1594 3820 1700 3861 anni
1726 3830 1845 3873 1551.

1027 3892 1038 3915 ⁸
1087 3879 1150 3930 Ῥ.
1178 3888 1404 3931 Adrianus
1431 3890 1618 3932 Adriani
1639 3890 2030 3944 (Adriaenssens)‚
2053 3889 2236 3944 collegii
2258 3890 2549 3937 lovaniensis
2571 3901 2736 3940 rector.
