3788 4716
954 623 1037 665 9¹4
1394 627 1403 637 ·
1448 613 1614 654 Epis-r.
1644 610 1735 656 ΡΡ.
1768 610 1975 663 Bnossn,
2006 610 2124 665 μμ,
2155 618 2273 653 are.

951 729 1049 782 28o;
1072 729 1426 785 salisburgensis
1457 729 1622 785 synodi
1649 729 1813 772 articu-

948 800 1017 842 los
1037 798 1365 842 examinandos
1385 800 1444 841 ab
1470 799 1815 855 archiepiscopo

949 867 1158 924 suscipit,
1186 866 1286 920 281,
1315 877 1415 924 7753
1447 880 1599 911 sacras
1634 868 1812 911 litteras

947 937 1218 991 lngolstadii
1245 938 1477 993 explanat,
1506 937 1604 990 282,
1634 938 1731 987 283;
1754 939 1812 980 ab

946 1012 1204 1061 augustano
1255 1005 1487 1062 episcopo,
1531 1013 1582 1049 ut
1633 1021 1813 1050 summo

948 1074 1151 1130 pontifici
1179 1075 1503 1118 necessitatem
1538 1075 1703 1130 synodi
1738 1089 1813 1118 oe·

945 1144 1211 1185 cumenicae
1261 1142 1547 1199 persuadeat,
1608 1151 1811 1199 rogatur,

946 1211 1045 1265 283,
1086 1211 1190 1265 2843
1227 1225 1308 1268 pro
1347 1213 1622 1256 Germaniae
1662 1214 1812 1257 salute

947 1286 1134 1323 strenue
1157 1283 1350 1336 laborat,
1368 1281 1570 1335 27ο-Ξου,
1606 1281 1808 1337 344-349,

945 1348 1150 1405 351·380,
1171 1362 1278 1404 4ο2;
1302 1352 1470 1393 multos
1498 1351 1646 1394 socios
1667 1359 1713 1394 et
1733 1351 1810 1394 do-

944 1426 1044 1461 ctos
1068 1421 1312 1475 magistros
1329 1419 1375 1462 in
1393 1420 1685 1464 Germaniam
1709 1422 1809 1463 mit-

947 1487 981 1529 ti
1003 1494 1231 1542 procurat,
1253 1495 1301 1530 et
1331 1488 1630 1541 collegiorum
1657 1491 1809 1532 catho-

942 1558 1147 1609 licorum,
1173 1558 1439 1612 praesertim
1470 1572 1580 1599 vero
1609 1558 1806 1601 Societa-

945 1625 1005 1668 tis
1052 1627 1188 1680 Jesu,
1231 1626 1510 1669 erectionem
1552 1634 1809 1682 promovet,

942 1696 1142 1748 286-291,
1159 1695 1358 1749 355-358,
1376 1694 1475 1749 302,
1492 1695 1696 1749 355-307,
1709 1696 1807 1751 377,

942 1763 1040 1816 3783
1051 1764 1203 1807 studia
1219 1765 1549 1819 theologica,in
1564 1765 1809 1809 Germania

940 1835 1156 1889 collapsa.
1181 1833 1362 1876 restitui
1389 1833 1594 1876 studiose
1621 1843 1809 1877 conten-

942 1902 1033 1956 dit,
1053 1903 1149 1955 287;
1169 1903 1387 1958 pecunias
1410 1903 1618 1958 accipere
1639 1904 1807 1958 renuit,

942 1982 1040 2024 290:
1055 1970 1291 2015 canisium
1310 1971 1480 2023 laudat,
1493 1983 1590 2027 2903
1604 1974 1809 2015 XVorma-

941 2041 1032 2083 tiae
1055 2041 1351 2083 concionatur
1372 2048 1419 2083 et
1441 2040 1809 2084 confessionibus

940 2110 1274 2164 poenitentium
1303 2124 1438 2153 aures
1467 2112 1682 2165 praebet,
1707 2110 1805 2166 293,

942 2189 1037 2231 2943
1068 2192 1094 2220 a
1122 2192 1327 2231 caesare,
1358 2192 1470 2234 rege
1499 2192 1806 2234 romanorum,

940 2255 986 2289 et
1019 2250 1076 2290 ab
1110 2247 1226 2298 aliis,
1252 2255 1302 2289 ut
1335 2248 1535 2303 optimus
1569 2248 1807 2291 conciona-

940 2324 1031 2370 tor„
1075 2317 1287 2359 laudibus
1322 2318 1573 2370 extollitur,
1604 2317 1804 2371 293·295;

939 2395 1231 2441 aegrotantes
1279 2388 1436 2429 invisit
1484 2395 1531 2429 et
1579 2387 1636 2429 ad
1685 2388 1803 2443 piam

939 2465 1129 2498 mortem
1150 2456 1407 2498 obeundam
1430 2463 1682 2512 praeparat,
1706 2468 1803 2512 294,

939 2535 1043 2578 295;
1101 2525 1154 2566 S.
1203 2525 1372 2579 Ignatii
1428 2525 1803 2568 meditationibus

935 2595 1128 2649 aliisque
1147 2595 1232 2649 piis
1249 2596 1464 2649 operibus
1483 2595 1634 2649 plures
1651 2595 1801 2638 fructu

936 2662 1054 2704 haud
1073 2662 1348 2717 poenitendo
1365 2670 1569 2716 exercet,
1589 2675 1682 2718 297,
1702 2663 1799 2717 3553

938 2732 1183 2773 marchioni
1206 2732 1280 2773 del
1309 2733 1468 2785 vasto,
1497 2732 1595 2786 ejus
1618 2747 1799 2788 operam

935 2802 1221 2856 exposcenti,
1245 2801 1493 2856 respondet
1529 2815 1578 2843 se
1608 2815 1664 2844 ex
1688 2802 1801 2845 Ger-

936 2872 1084 2912 mania
1106 2884 1195 2913 non
1213 2872 1299 2913 nisi
1321 2870 1801 2925 moderatorumjussu

933 2939 1173 2981 discedere
1202 2953 1354 2994 posse.
1387 2939 1587 2992 297·3οο;
1618 2940 1674 2982 ad
1694 2954 1801 2983 con·

934 3010 1088 3051 cilium
1121 3009 1436 3062 tridentinum,
1472 3017 1518 3051 ut
1555 3010 1799 3063 augustani

935 3079 1158 3133 praesulis
1177 3085 1453 3133 procurator,
1470 3078 1681 3128 mittitur,
1699 3077 1798 3129 300,

935 3147 1031 3194 301.
1072 3147 1176 3200 389;
1214 3147 1420 3189 ordinem
1452 3160 1606 3188 sacrae
1637 3147 1800 3202 synodi

934 3218 1168 3271 describit,
1194 3214 1505 3271 301·3o5‚332‚
1526 3214 1622 3268 3333
1644 3216 1799 3268 sociis,

934 3286 1204 3328 Tridentum
1222 3285 1654 3338 adeuntibus,aptas
1667 3284 1802 3326 sedes

937 3363 1080 3408 parat,
1105 3353 1209 3404 3053
1241 3352 1570 3396 claromontani
1600 3353 1801 3408 episccpi

933 3424 1162 3465 desideria
1178 3423 1235 3465 de
1252 3422 1449 3475 collegio
1467 3422 1511 3464 in
1530 3422 1682 3464 Gallia
1698 3435 1800 3464 con-

935 3493 1169 3535 stituendo
1193 3492 1372 3547 Ignatio
1399 3491 1565 3545 aperit,
1598 3490 1796 3545 305-309,

933 3561 1031 3614 3153
1071 3561 1308 3614 Venetias,
1344 3562 1403 3602 ab
1435 3559 1651 3614 episcopo
1680 3560 1801 3602 laba-

933 3630 1062 3672 censi
1084 3635 1323 3681 evocatur,
1359 3627 1456 3680 312,
1495 3627 1594 3680 3143
1625 3627 1801 3682 episco-

936 3707 1089 3754 patum
1115 3698 1417 3752 tergestinum
1446 3705 1711 3739 constanter
1734 3710 1800 3739 re-

934 3777 1082 3819 cusat,
1118 3766 1320 3820 313-319,
1355 3766 1565 3821 322-334,
1595 3765 1795 3821 390-393;

939 3850 1069 3879 suurn
1087 3836 1144 3879 de
1163 3836 1433 3891 Aethiopiae
1451 3834 1703 3890 patriarcha
1719 3835 1798 3876 eli-

1958 727 2113 783 gendo
2151 735 2314 771 votum
2351 728 2543 783 Ignatio
2564 728 2805 783 mittit,3:o,

1954 794 2055 848 321;
2080 797 2323 840 Patavium
2349 810 2459 840 curn
2477 796 2671 841 Canisio
2690 800 2808 852 venit,

1954 864 2055 922 3343
2077 879 2104 908 a
2121 867 2156 909 F
2160 866 2364 909 errariae
2399 866 2527 909 duce
2564 868 2807 924 postulatur,

1954 934 2054 990 394,
2088 934 2188 992 3953
2226 937 2491 979 Ferrariam
2532 937 2681 990 venit,
2716 945 2756 980 et
2772 936 2812 980 in'

1954 1004 2216 1047 nosocomio
2258 1003 2396 1061 degit
2415 1036 2427 1056 ,
2467 1006 2690 1061 proximis
2725 1007 2810 1049 assi·

1950 1073 2087 1116 duam
2107 1086 2294 1129 operam
2318 1073 2598 1128 conferens,
2631 1074 2809 1128 336343,

1951 1152 2053 1193 404,
2073 1151 2174 1194 4053
2198 1140 2253 1184 ad
2273 1141 2480 1196 gradum
2511 1142 2711 1185 doctoris
2730 1156 2811 1198 pro-

1953 1210 2238 1264 movendus,
2279 1225 2488 1254 examen
2540 1213 2695 1267 subit,
2730 1211 2812 1267 386,

1952 1278 2058 1334 397;
2081 1280 2351 1334 Ingolstadii
2380 1281 2641 1324 honorifice
2660 1283 2717 1324 ab
2730 1295 2811 1324 aon·

1952 1348 2102 1391 demia
2118 1349 2368 1405 excipitur,
2386 1351 2670 1405 Eystadium
2684 1351 2808 1394 diver-

1951 1418 2025 1473 tit,
2036 1419 2301 1474 psalterium
2317 1418 2534 1474 profiteri
2547 1419 2809 1475 incipit,344;

1949 1488 2220 1531 cancellario
2241 1489 2389 1531 Eckio
2413 1489 2613 1543 collegii
2635 1489 2812 1532 Societa-

1951 1558 2009 1599 tis
2036 1557 2316 1600 erectionem
2355 1558 2600 1613 proponit,
2633 1557 2809 1612 347-3493

1948 1638 2132 1680 operam
2159 1639 2288 1668 suam
2312 1625 2560 1669 Ferrariae
2582 1626 2688 1669 duci
2707 1640 2808 1683 prae-

1948 1702 2069 1736 stare
2110 1693 2387 1750 impeditur,
2427 1694 2639 1752 349-3513
2677 1697 2807 1751 Augu·

1949 1770 2066 1806 stam
2105 1763 2251 1806 tendit
2273 1796 2284 1816 ,
2329 1766 2590 1819 augustani
2634 1765 2807 1822 episcopi

1950 1832 2145 1875 virtutes
2181 1833 2384 1887 extollit,
2417 1833 2639 1888 351·354;
2666 1836 2806 1878 anima·

1950 1915 2048 1944 rum
2066 1902 2460 1949 salutem-’hidem
2480 1912 2709 1959 procurat,
2726 1903 2802 1956 354,

1949 1969 2047 2023 355;
2069 1970 2393 2013 adolescentes
2424 1973 2614 2028 aliquos
2649 1973 2704 2016 ad
2723 1975 2804 2015 lue-

1947 2040 2087 2081 resim
2106 2040 2410 2094 abjurandam
2438 2049 2698 2096 permovet,
2724 2042 2801 2094 354;

1949 2108 2061 2151 mira
2095 2109 2234 2150 animi
2269 2107 2564 2153 demissione
2606 2112 2800 2168 imparem

1945 2190 1996 2218 se
2024 2177 2267 2219 cathedrae
2297 2178 2574 2233 theologiae
2603 2179 2802 2234 regendae

1946 2244 2197 2300 existimat,
2220 2244 2321 2299 357,
2342 2245 2449 2303 371;
2480 2261 2505 2289 a
2543 2248 2727 2291 Canisio
2754 2247 2799 2289 de

1944 2314 2224 2356 catechismo
2259 2315 2516 2358 scribendo
2552 2317 2798 2366 consulitur,

1945 2382 2052 2437 358,
2086 2381 2194 2436 3593
2230 2385 2291 2426 ab
2327 2385 2575 2429 academia
2612 2386 2799 2441 ingolsta-

1942 2450 2095 2494 diensi
2125 2451 2183 2493 ad
2204 2453 2493 2507 theologiam
2526 2455 2799 2511 profitendam

1943 2521 2213 2575 postulatur,
2238 2518 2339 2574 365
2363 2522 2576 2565 demisse
2597 2523 2654 2565 de
2673 2524 2799 2578 seipso

1942 2590 2108 2643 sentit,
2128 2588 2226 2642 356,
2251 2592 2328 2644 371
2350 2624 2362 2645 ,
2385 2591 2488 2644 3723
2513 2594 2574 2635 ab
2604 2592 2799 2635 universi·

1942 2666 2036 2702 tate
2053 2668 2100 2702 et
2115 2674 2226 2714 rege
2244 2674 2544 2705 romanorum
2565 2670 2614 2705 ut
2629 2662 2799 2705 catechi-

1942 2741 2090 2770 smum
2118 2728 2290 2771 scribat
2310 2738 2526 2786 rogatur,
2547 2730 2644 2784 3723
2666 2743 2797 2785 regem

1941 2797 2279 2840 Ferdinandum
2294 2799 2478 2853 invisit,
2492 2802 2594 2855 376,
2608 2800 2701 2853 3773
2714 2813 2797 2842 cum

1941 2866 2126 2909 doctore
2142 2880 2368 2921 germano
2384 2868 2442 2910 de
2462 2870 2650 2912 nomine
2666 2870 2797 2912 Socie-

1942 2936 2050 2979 tatis
2083 2938 2195 2991 Jesu
2225 2936 2451 2992 disputat,
2480 2952 2678 2994 eumque
2710 2951 2797 2980 con-

1943 3005 2101 3055 vincit,
2123 3003 2219 3058 379;
2241 3007 2448 3060 querelis
2470 3006 2674 3050 doctoris
2694 3007 2797 3048 Pem

1941 3073 1999 3116 de
2016 3073 2127 3116 Soto
2148 3073 2396 3129 satisfacit,
2413 3073 2797 3130 381-3842amp15s-

1940 3144 2070 3186 simis
2099 3144 2401 3187 facultatibus
2432 3144 2494 3187 ad
2524 3158 2653 3187 sacra
2687 3144 2797 3187 mini-

1941 3211 2080 3254 steria
2107 3211 2322 3254 obeunda
2351 3225 2379 3254 a
2405 3213 2634 3256 cardinali
2657 3214 2801 3268 Lippo-

1945 3295 2014 3323 ma
2021 3293 2079 3322 no
2092 3288 2358 3333 exornatur,
2370 3280 2556 3335 397-401
2568 3282 2803 3338 ;germanis

1941 3364 2075 3394 carus
2110 3358 2157 3393 et
2179 3350 2435 3394 virtutibus
2452 3353 2609 3407 dives,
2632 3355 2704 3410 pie
2725 3366 2804 3395 mo·

1942 3419 2073 3471 ritur,
2093 3429 2194 3473 402,
2211 3418 2311 3472 4o3;
2331 3420 2425 3475 Jaji
2445 3420 2640 3478 familia,
2656 3434 2752 3477 259.

1887 3488 2165 3543 Janiculum,
2191 3502 2342 3544 mons,
2363 3489 2472 3542 413.

1887 3558 2103 3612 Janssen,
2125 3558 2351 3613 Joannes,
2382 3561 2569 3616 script.,
2602 3562 2698 3616 284,
2723 3572 2806 3615 295,

1941 3625 2039 3679 352.

1886 3697 1992 3752 Jay,
2015 3708 2065 3741 v.
2092 3696 2244 3751 Jajus.

1886 3766 1991 3820 Jay,
2020 3766 2225 3820 Joannes
2265 3767 2331 3820 le,
2370 3769 2579 3813 clericus
2620 3770 2811 3823 ParisiiS,

1941 3846 2040 3887 224.
