3788 4716
1097 608 1179 661 264
1809 607 1969 649 prs‘r.
2003 606 2052 648 P.
2087 608 2187 662 μυ

1040 728 1215 789 batur,
1245 734 1298 776 et
1324 726 1392 776 ob
1417 724 1584 791 ipsius
1608 725 1982 778 auctoritatem
2006 724 2252 776 Canisius
2279 725 2330 776 in
2357 725 2600 792 epistola,
2627 726 2772 777 Patri
2794 727 2963 793 Igna·

1041 814 1114 866 tio
1139 816 1300 881 paulo
1327 823 1446 881 post
1465 814 1570 883 Jaji
1596 814 1799 865 obitum
1825 816 1970 878 data,
1998 815 2261 867 referebat
2293 817 2325 865 ¹.

1142 905 1379 957 Tandem
1425 914 1543 972 post
1587 904 1829 956 assiduos
1872 905 2080 957 labores
2123 904 2177 955 in
2219 904 2372 956 vinea
2409 905 2622 957 Domini
2665 906 2963 958 collocatos

1043 998 1101 1047 P.
1132 994 1392 1047 Claudius
1421 1014 1450 1047 e
1479 994 1614 1045 vivis
1639 995 1880 1046 sublatus
1905 1003 1987 1045 est
2012 994 2097 1057 die
2123 995 2156 1045 6
2181 994 2418 1057 Augusti
2443 1012 2585 1047 anno
2620 1008 2767 1061 1552,
2801 1012 2959 1046 sum-

1037 1102 1123 1137 mo
1143 1085 1324 1137 dolore
1347 1084 1849 1171 vindobonensium,
1868 1084 2235 1150 omniumque,
2255 1084 2344 1150 qui
2367 1084 2496 1135 tanti
2516 1084 2615 1135 viri
2636 1084 2822 1138 merita
2841 1084 2958 1137 vir—

1040 1184 1289 1240 tutesque
1326 1173 1547 1227 eximias
1581 1184 1857 1228 noverant.
1905 1176 2047 1226 Inter
2089 1183 2328 1228 caeteros
2366 1183 2541 1227 autem
2580 1175 2957 1227 molestissime

1041 1265 1277 1318 tulerunt
1297 1251 1507 1316 Claudii
1526 1264 1846 1317 desiderium
1867 1264 2090 1316 studiosi
2110 1265 2474 1317 adolescentes
2493 1274 2547 1316 et
2567 1265 2804 1332 magistri
2825 1282 2953 1317 aea-

1035 1354 1261 1417 demiae,
1278 1363 1336 1405 ut
1356 1354 1538 1408 videre
1557 1354 1706 1405 licuit
1728 1354 1781 1405 in
1801 1355 1918 1420 ejus
1938 1355 2123 1407 funere
2147 1354 2320 1420 «quod
2337 1354 2546 1421 magnis
2566 1355 2922 1421 professorum
2935 1396 2948 1418 ‚

1036 1444 1434 1511 magistrorum,
1463 1444 1722 1496 nobilium
1748 1453 1802 1496 et
1828 1444 2124 1496 studiorum
2151 1444 2400 1510 quereliS,
2429 1446 2577 1496 luctu
2601 1452 2656 1496 et
2690 1445 2951 1498 lamenta-

1039 1535 1299 1588 tionibus»)
1329 1544 1411 1588 est
1436 1536 1763 1588 celebratum
1791 1535 1829 1585 ⁸.
1861 1535 1928 1585 Et
1962 1535 2094 1586 haec
2126 1534 2194 1587 de
2217 1534 2322 1603 Jaji
2353 1534 2590 1601 epistolis
2627 1535 2950 1601 praelibasse

1035 1624 1287 1678 sufficiat.

1118 1770 1130 1795 ¹
1190 1770 1264 1813 Cf.
1287 1772 1704 1826 BRAUNSBRRGER,
1730 1771 1869 1814 Beati
1899 1771 2034 1814 Petri
2062 1770 2248 1814 Canisii
2276 1772 2324 1813 S.
2343 1772 2400 1827 J.
2434 1773 2663 1827 epistulae
2697 1775 2739 1815 et
2765 1775 2889 1821 acta,
2907 1773 2948 1823 1,

1065 1840 1137 1882 08.

1036 1854 1060 1894 4
1116 1914 1133 1936 ¹
1197 1910 1403 1952 Litterae
1424 1910 1825 1963 Quadrima-stra,
1848 1912 1880 1964 1,
1902 1909 2003 1964 730.
