3788 4716
1058 616 1140 669 350
1771 617 1930 659 Emsr.
1964 615 2016 657 P.
2049 617 2146 669 μμ

998 735 1050 785 in
1081 738 1297 786 Ferrara
1324 736 1375 785 d·
1403 735 1588 786 ordine
1614 733 1860 813 cle-felice
1886 735 2141 786 memoria
2168 751 2300 800 papa
2330 734 2501 784 Paulo
2531 750 2619 799 per
2651 721 2859 783 venirein

995 823 1302 884 Germania,
1333 824 1400 874 nii
1433 826 1487 875 fu
1512 824 1696 875 scritto
1722 827 1821 876 che
1847 824 1896 874 la
1924 823 2026 874 rnia
2052 823 2292 875 absentia
2318 823 2455 874 saria
2484 840 2577 888 per
2600 820 2733 889 pochi
2769 827 2854 866 me·
2920 869 2923 897 i

994 914 1056 965 si.
1101 915 1259 966 Onde
1298 914 1692 965 ritrouandome
1725 914 1777 964 in
1804 913 2094 967 Germania
2127 914 2265 965 nello
2301 930 2442 964 mese
2477 914 2546 965 de
2578 908 2847 964 Nouembre,
2919 902 2923 931 ³

993 1006 1206 1070 quando
1238 1004 1370 1056 mori
1414 1005 1448 1054 il
1495 1006 1738 1070 predetto
1769 1013 1921 1055 santo
1956 1013 2122 1069 patre,
2160 1006 2229 1054 ho
2265 1011 2535 1070 aspettato
2565 1003 2630 1054 de
2670 1014 2788 1053 mese
2816 992 2848 1043 in

991 1111 1135 1146 mese
1161 1111 1252 1161 per
1278 1094 1555 1146 intendere
1581 1095 1629 1145 la
1656 1094 1869 1145 volonte'l
1896 1094 1981 1144 del
2009 1111 2107 1144 suo
2134 1109 2463 1154 successore,
2492 1109 2649 1144 senza
2670 1094 2710 1142 la
2730 1083 2847 1157 quale
2905 1100 2912 1116 ·

991 1201 1098 1235 non
1123 1184 1193 1234 mi
1220 1201 1309 1236 era
1336 1184 1493 1235 lecito
1519 1184 1767 1251 partirme
1794 1185 1858 1235 de
1886 1183 2129 1236 Bauiera.
2162 1182 2493 1235 Finalmente
2519 1182 2554 1233 il
2578 1183 2632 1235 d'1
2657 1184 2712 1235 de
2732 1185 2849 1232 santo

985 1274 1161 1327 Giane
1190 1274 1428 1341 Baptista
1453 1275 1507 1323 d'
1544 1273 1728 1324 ordine
1753 1275 1820 1325 de
1846 1274 1904 1326 S.
1935 1274 1993 1326 S.
2020 1273 2143 1326 hebi
2168 1273 2205 1323 l'
2234 1273 2537 1324 obedientia
2564 1273 2630 1325 de
2652 1271 2847 1339 partirme
2918 1295 2923 1345 ᾗ

988 1365 1053 1417 de
1080 1365 1369 1430 Ingolstatz
1396 1381 1489 1429 per
1515 1363 1693 1415 venire
1720 1364 1823 1414 allo
1846 1363 2066 1415 seruitio
2089 1363 2175 1414 del
2204 1365 2356 1414 Rmo.
2385 1364 2534 1414 card.
2564 1361 2615 1414 d'
2642 1364 2805 1429 Agosta
2832 1355 2847 1380 ¹

985 1470 1079 1520 per
1103 1453 1222 1504 alch
1234 1453 1317 1504 uni
1350 1437 1496 1504 inesi.
1521 1454 1702 1514 Certe,
1727 1454 1896 1504 Illmo.
1920 1453 2154 1518 signore,
2179 1454 2393 1518 quando
2416 1453 2557 1504 fosse
2575 1461 2703 1504 stata
2721 1453 2845 1502 lavo-
2920 1450 2923 1512 ξ

978 1544 1124 1594 lontiz
1147 1544 1214 1594 de
1241 1542 1344 1594 Dio
1368 1552 1422 1594 et
1446 1542 1499 1593 di
1526 1543 1747 1609 magiori
1774 1543 1896 1604 mei,
1924 1544 1992 1594 de
2017 1544 2157 1594 bona
2181 1542 2361 1609 voglia
2388 1544 2528 1594 fosse
2563 1542 2783 1594 ritornato
2799 1534 2842 1587 al

981 1632 1200 1683 seruitio
1225 1634 1291 1683 de
1320 1634 1385 1684 V.
1421 1632 1569 1684 1‹:x.⁶³
1598 1651 1687 1698 per
1714 1632 1746 1682 il
1782 1633 1985 1696 grande
2009 1632 2192 1699 obligo
2216 1634 2373 1697 quale
2399 1632 2452 1683 io
2476 1642 2531 1683 et
2558 1640 2689 1683 tutta
2709 1632 2748 1682 la
2769 1643 2837 1694 po·

980 1741 1105 1774 uera
1133 1723 1467 1789 Compagnia
1495 1732 1672 1774 nostra
1701 1732 1913 1774 tenemo
1940 1739 2039 1773 con
2073 1722 2160 1774 lei:
2189 1731 2242 1774 et
2271 1739 2364 1788 per
2388 1721 2426 1772 il
2450 1723 2714 1790 singulare
2738 1714 2839 1770 ἀεὶ·

976 1812 1123 1863 derio
1157 1815 1254 1864 che
1287 1812 1355 1862 ini
1392 1814 1457 1862 ha
1491 1813 1619 1862 dato
1653 1813 1754 1864 Dio
1786 1814 1851 1864 ‹le
1886 1813 1935 1864 la
1967 1813 2138 1864 salute
2170 1812 2239 1862 de
2272 1812 2308 1862 l'
2354 1811 2532 1862 anima
2564 1829 2675 1873 sua,
2706 1807 2833 1879 perla

974 1903 1153 1967 quale,
1200 1902 1464 1955 mediante
1498 1903 1546 1954 la
1579 1902 1749 1969 gratia
1781 1903 1847 1953 de
1883 1903 2006 1963 Dio,
2047 1919 2256 1969 sempre.
2299 1903 2532 1969 pregaro
2575 1919 2669 1953 sua
2705 1897 2829 1953 diuina

974 1995 1193 2049 maesta,
1224 2001 1276 2043 et
1303 1991 1619 2044 similrnente
1646 2010 1737 2059 per
1765 1994 1811 2044 13
1837 2010 1932 2044 sua
1961 1993 2122 2044 Illma.
2153 2001 2422 2054 consorte,
2452 2009 2548 2059 per
2581 1992 2616 2043 li
2640 1991 2744 2044 suoi
2765 2003 2831 2039 no·

970 2081 1211 2133 bilissimi
1236 2091 1289 2133 et
1312 2083 1555 2147 generosi
1587 2083 1717 2150 figli,
1749 2100 1841 2149 per
1859 2084 1914 2133 ’13
1935 2083 2228 2149 prosperita}
2250 2083 2334 2133 del
2355 2100 2455 2133 suo
2483 2082 2638 2135 felice
2656 2084 2833 2141 stato‚et

969 2171 1388 2238 singul-„irruente
1435 2191 1524 2238 ρετ
1568 2174 1619 2224 13
1661 2191 1756 2224 sua
1802 2172 1977 2223 nobile
2020 2173 2147 2223 cittis
2178 2173 2247 2224 de
2282 2174 2524 2235 Ferrara‚
2562 2174 2699 2224 nella
2730 2168 2842 2238 quale

967 2279 1175 2328 sempre
1221 2262 1289 2312 ini
1324 2263 1350 2313 ὸ
1384 2272 1522 2312 stata
1556 2272 1705 2313 usata
1738 2264 1941 2328 grande
1973 2262 2197 2322 charit-21,
2234 2272 2288 2314 et
2321 2262 2570 2315 massime
2603 2265 2674 2315 da
2703 2261 2848 2313 misser

966 2352 1236 2418 Agostino
1262 2353 1329 2404 de
1357 2353 1518 2404 Musti
1546 2354 1585 2414 ³,
1615 2352 1649 2402 il
1677 2353 1833 2418 quale
1857 2360 2162 2403 veramente
2187 2353 2217 2403 e
2237 2353 2417 2420 degno
2435 2354 2490 2404 d'
2515 2371 2697 2407 essere
2715 2361 2856 2405 amato

962 2451 1017 2495 et
1045 2441 1275 2493 fauorito
1301 2443 1367 2492 da
1396 2444 1461 2493 V.
1505 2441 1671 2503 Exfla,
1702 2461 1805 2492 non
1844 2443 2133 2494 solamente
2167 2460 2259 2509 per
2292 2459 2471 2495 essere
2503 2461 2719 2511 sempre
2747 2450 2862 2495 stato

961 2530 1218 2597 diligente
1253 2542 1305 2582 et
1340 2533 1501 2583 lidato
1536 2532 1795 2585 seruitore
1827 2532 1878 2583 di
1919 2535 2111 2599 quella,
2153 2533 2258 2584 imo
2302 2532 2460 2584 etiarn
2501 2551 2602 2600 per
2640 2536 2692 2586 13
2727 2534 2870 2586 molta

960 2621 1161 2672 charite}
1189 2631 1242 2673 et
1267 2622 1544 2685 diligentia
1570 2625 1668 2674 che
1702 2623 1776 2686 gli
1811 2624 1879 2672 ho
1915 2623 2052 2674 visto
2086 2641 2237 2674 vsare
2269 2632 2457 2674 atorno
2490 2625 2560 2674 de
2596 2626 2762 2691 quelli
2791 2641 2872 2692 po·

961 2711 1072 2762 ueri
1101 2711 1309 2762 infermi
1335 2724 1389 2762 et
1417 2712 1688 2779 iinpiagati
1715 2714 1854 2765 nello
1880 2713 2141 2780 hospitale
2163 2713 2233 2764 de
2257 2722 2411 2764 santa
2439 2715 2630 2768 Anna.
2656 2716 2774 2768 Hor
2794 2733 2853 2769 ve

954 2802 1134 2853 dendo
1168 2804 1267 2852 che
1306 2821 1408 2852 non
1447 2811 1595 2853 tanto
1642 2814 1817 2868 presto
1862 2805 2056 2854 vezlero
2103 2805 2168 2853 V.
2209 2804 2376 2856 lllma.
2410 2803 2555 2856 Stia.
2597 2816 2808 2871 quanto
2836 2805 2879 2856 io

955 2908 1181 2955 speraua
1208 2893 1422 2958 quando
1447 2894 1513 2943 du
1540 2892 1603 2945 lei
1632 2892 1749 2943 tolsi
1780 2893 2010 2949 licentia,
2044 2911 2146 2943 non
2173 2910 2295 2959 pass
2313 2912 2331 2943 J
2358 2895 2662 2947 manchare
2694 2895 2881 2948 humil·

956 2990 1134 3032 mente
1174 2993 1225 3033 et
1259 2999 1357 3032 con
1395 2991 1534 3032 tutto
1568 2983 1602 3032 il
1637 3000 1758 3033 core
1793 2983 2090 3047 supplicare
2125 2983 2316 3047 quella,
2352 2983 2457 3035 che
2494 2984 2548 3034 la
2589 2986 2736 3038 facia
2768 2986 2884 3054 ogni

953 3072 1091 3121 bona
1118 3070 1397 3136 diligentia
1424 3072 1489 3122 de
1516 3088 1835 3123 conseruare
1868 3072 1918 3122 13
1956 3088 2052 3122 sua
2090 3072 2422 3124 consciencia
2461 3088 2608 3138 pura
2648 3085 2705 3128 et
2744 3086 2882 3131 netta

950 3160 1091 3211 nello
1116 3169 1395 3226 conspctto
1421 3162 1488 3211 de
1516 3161 1636 3221 Dio,
1665 3162 1731 3212 de
1766 3178 2083 3212 conseruare
2117 3170 2171 3214 et
2204 3169 2534 3237 mantenere.
2556 3165 2612 3216 la
2646 3168 2886 3219 doctrina

949 3250 1214 3300 catholica
1240 3260 1293 3300 et
1319 3250 1351 3300 il
1381 3251 1522 3302 colto
1549 3250 1732 3301 diuino
1760 3251 1900 3302 nello
1925 3268 2023 3302 suo
2048 3260 2205 3313 stato,
2234 3252 2300 3302 de
2332 3252 2445 3304 sare
2470 3254 2585 3307 che
2612 3256 2699 3309 sia
2733 3257 2884 3309 mini·

949 3348 1116 3390 strata
1143 3341 1278 3390 bona
1307 3348 1358 3390 et
1391 3340 1639 3406 expedita
1665 3340 1903 3407 giustitia
1935 3341 2019 3392 alli
2055 3341 2169 3392 suoi
2204 3341 2423 3402 subditi,
2455 3352 2619 3396 tanto
2645 3364 2678 3399 3
2705 3347 2882 3415 poueri

946 3445 1100 3479 com-'J
1128 3429 1280 3488 richi‚
1311 3431 1376 3482 de
1404 3429 1648 3495 agintare
1673 3440 1726 3480 et
1751 3447 2057 3483 soccorrere
2082 3433 2185 3483 alla
2212 3431 2468 3483 necessit&
2501 3436 2579 3488 de
2607 3437 2660 3487 le
2687 3454 2882 3504 ponere

941 3559 968 3588 a
994 3548 1042 3588 P.
1070 3547 1297 3589 ssernardo
1324 3549 1467 3603 Duhr,
1489 3548 1537 3590 S.
1562 3549 1624 3602 J.,
1649 3548 1693 3591 in
1724 3548 1995 3604 Zeitschrisi
2015 3549 2110 3605 fur
2137 3551 2263 3592 leath.
2300 3549 2576 3608 Theologie.
2614 3554 2753 3611 XXI,
2786 3557 2878 3611 620,

941 3616 1042 3659 621.
1067 3618 1246 3672 (Jahrg.
1276 3620 1416 3671 1⁸97).
1635 3671 1641 3678 Π

1023 3691 1040 3712 ²
1100 3685 1212 3729 Otto
1231 3686 1559 3729 Trnchsessius
1586 3687 1643 3730 de
1676 3688 1946 3743 lValdburg.
1985 3689 2198 3731 «Interim
2230 3689 2477 3732 cardinalis
2514 3693 2829 3749 Augustanus
2853 3710 2876 3739 a

938 3754 1128 3796 Summo
1146 3755 1367 3797 Pontiliee
1387 3756 1437 3797 Ρ.
1457 3756 1699 3799 Claudium
1721 3757 1809 3799 sibi
1832 3756 1888 3798 ad
1910 3757 2092 3813 aliquod
2114 3765 2294 3813 tempus
2315 3760 2512 3803 concedi
2540 3763 2817 3820 impetravit
2833 3774 2876 3809 et

935 3823 1075 3866 ctiam
1099 3838 1123 3866 a
1147 3826 1196 3866 P.
1223 3825 1487 3879 Ignatio...»
1512 3827 1794 3876 POLANCUS,
1821 3827 2014 3877 Clzrou„
2037 3828 2097 3880 11,
2120 3828 2189 3870 66.

1022 3895 1038 3918 ³
1098 3894 1383 3937 Secretarius
1403 3894 1532 3937 ducis
1555 3895 1804 3937 Ferrariae.
1830 3895 1946 3938 Vide
1967 3911 2120 3951 supra,
2145 3911 2247 3952 pag.
2269 3898 2341 3941 60.
