3788 4716
1032 621 1113 674 296
1742 623 1904 665 EPIST.
1936 622 1987 662 P.
2021 622 2119 676 ,μμ

972 740 1022 789 13
1049 757 1156 791 non
1182 742 1285 806 puo
1305 742 1483 807 quello
1502 742 1671 792 311313
1692 743 1797 807 put)
1818 749 1856 802 0,
1878 749 1982 791 etc.
2009 741 2074 791 Et
2094 740 2221 790 dato
2240 739 2341 789 che
2368 736 2423 787 in
2444 742 2637 802 questa
2661 734 2850 786 seconda

975 838 1124 894 parte
1167 829 1218 880 io
1263 848 1347 883 me
1379 840 1620 883 sentesse
1653 831 1855 882 hauere
1888 847 1961 880 vn
1994 837 2140 881 certo
2184 829 2298 879 zelo
2339 824 2595 893 satyrico,
2632 832 2791 877 tamen
2811 823 2851 875 al

974 919 1079 972 fine
1105 921 1350 972 venendo
1387 921 1436 972 13
1468 920 1693 987 epistola
1724 939 1755 972 a
1789 919 2076 986 proposito:
2110 918 2407 979 «Gaudete,
2435 914 2660 983 perfecti
2690 922 2859 979 estote,

970 1009 1344 1071 exhortamini,
1373 1009 1512 1061 idem
1539 1009 1708 1076 sapite
1740 1010 1806 1055 ¹²»
1831 1008 1932 1061 feci
1952 1007 2298 1060 conclusione
2318 1006 2473 1059 dolce
2492 1014 2547 1059 et
2565 1020 2742 1065 suane,
2761 1012 2876 1060 ete.

1073 1100 1196 1150 Vno
1220 1098 1411 1151 vechio
1437 1098 1722 1162 caualier0‚
1751 1098 1954 1166 figliolo
1980 1097 2087 1149 mio
2113 1097 2406 1165 spirituale,
2427 1096 2498 1146 de
2519 1096 2572 1146 13
2595 1109 2714 1146 casa
2733 1092 2788 1146 de
2808 1094 2881 1151 lo

968 1189 1303 1254 imperatore,
1333 1190 1489 1256 quale
1515 1191 1584 1239 ha
1614 1189 1744 1240 fatto
1770 1189 1804 1239 li
1831 1188 2078 1242 exercicii
2098 1188 2234 1241 dela
2254 1186 2421 1253 prima
2446 1185 2722 1238 settimana
2741 1190 2786 1235 et
2824 1187 2878 1241 la

966 1277 1302 1330 confessione
1335 1280 1606 1346 generale,
1635 1280 1794 1346 quale
1825 1279 2086 1331 dimentre
2110 1280 2211 1330 che
2236 1277 2288 1328 io
2311 1293 2446 1328 sono
2470 1284 2611 1327 stato
2635 1273 2686 1324 in
2709 1273 2870 1327 Wor-

964 1368 1151 1430 macia‚
1179 1386 1238 1421 se
1264 1368 1672 1420 communicaua
1696 1386 1879 1436 spesse
1911 1369 2073 1430 volte,
2097 1368 2261 1419 molto
2286 1365 2618 1419 affettionato
2635 1363 2750 1424 mio,
2779 1380 2862 1418 me

963 1456 1104 1510 disse
1129 1460 1229 1510 che
1255 1458 1289 1508 li
1315 1458 1439 1510 duoi
1469 1458 1742 1510 camarieri
1768 1460 1834 1511 de
1860 1460 1895 1510 l'
1924 1458 2256 1524 imperadore
2280 1465 2334 1510 et
2353 1456 2389 1506 il
2416 1464 2643 1508 maestro
2664 1453 2725 1506 de
2740 1468 2851 1506 casa
2919 1469 2921 1476 ·

961 1547 1037 1614 gli
1062 1548 1308 1600 haueano
1333 1549 1499 1610 detto,
1530 1549 1632 1601 che
1652 1549 1686 1598 l’
1711 1548 2028 1615 imperatore
2047 1549 2113 1601 de
2133 1548 2308 1614 quella
2328 1544 2580 1613 predicha
2601 1561 2689 1597 era
2705 1545 2842 1594 molto

961 1637 1243 1699 satisfatto‚
1273 1647 1325 1689 et
1350 1639 1454 1689 che
1479 1639 1551 1689 lui
1588 1641 1759 1689 hauea
1791 1639 1941 1689 detto
1974 1639 2074 1689 che
2106 1654 2197 1688 era
2228 1635 2482 1705 predicha
2515 1634 2641 1686 vtile
2669 1643 2717 1686 et
2737 1634 2829 1685 dot-

960 1737 1030 1788 ta,
1059 1735 1165 1781 ete.
1195 1729 1249 1777 ¹³.
1281 1729 1348 1779 Et
1375 1729 1567 1795 perche
1597 1730 1647 1779 lo
1672 1728 2004 1795 imperadore
2038 1728 2065 1780 ὲ
2099 1727 2256 1780 solito
2286 1727 2354 1779 de
2386 1725 2556 1779 sentir
2587 1741 2744 1777 messa
2771 1723 2820 1773 fra

958 1817 1007 1868 le
1033 1817 1184 1870 diece
1211 1826 1265 1869 et
1291 1818 1514 1880 vndece,
1544 1826 1598 1870 et
1632 1818 1809 1869 arriua
1843 1818 1895 1869 la
1930 1818 2181 1884 predicha
2214 1817 2364 1884 quasi
2397 1817 2499 1869 alle
2534 1817 2736 1873 vndece‚
2757 1827 2814 1864 es-

955 1907 1123 1957 sendo
1149 1907 1180 1957 li
1211 1907 1371 1974 tempi
1392 1908 1548 1969 caldi,
1581 1925 1686 1959 non
1720 1909 1859 1960 senti
1891 1909 2024 1960 altra
2058 1907 2308 1975 predicha
2343 1908 2417 1958 fin
2450 1907 2499 1958 al
2533 1907 2586 1958 di
2617 1906 2678 1959 de
2704 1910 2810 1956 santo

949 1997 1191 2063 JacomO.
1222 1998 1427 2048 Alhora
1452 1998 1708 2063 predicho
1737 2015 1840 2049 vno
1866 1998 2127 2065 spagnolo
2154 1998 2412 2049 secolare.

1059 2086 1098 2135 11
1123 2086 1345 2137 sabbato
1370 2095 1627 2153 sequente
1652 2089 1717 2139 de
1745 2088 1794 2139 13
1818 2096 1971 2143 santa
1998 2086 2204 2139 Trinita
2236 2086 2273 2137 il
2302 2104 2357 2138 re
2392 2086 2446 2137 di
2482 2084 2677 2138 romani
2707 2096 2805 2135 man·
2863 2138 2867 2143 ,

953 2174 1023 2225 do
1050 2192 1080 2226 a
1104 2177 1473 2227 domandarmi
1499 2195 1556 2228 se
1583 2177 1633 2227 io
1659 2177 1833 2229 vorria
1857 2177 2129 2245 predicare
2155 2178 2205 2228 la
2229 2176 2527 2228 domenica.
2557 2177 2612 2228 Io
2636 2192 2710 2227 me
2726 2185 2805 2224 scu·

954 2265 1031 2315 sai
1058 2280 1158 2315 con
1192 2266 1249 2318 S.
1280 2268 1378 2326 M„
1417 2268 1610 2333 perche
1640 2267 1691 2317 io
1725 2269 1897 2319 hauea
1924 2284 2027 2319 vna
2059 2260 2231 2336 grand
2256 2267 2437 2334 doglia
2461 2268 2530 2319 d'e
2564 2266 2707 2319 test‘a.
2727 2263 2804 2314 Doe

953 2354 1086 2405 altre
1113 2356 1255 2407 volte
1280 2373 1375 2421 per
1402 2357 1618 2409 volonta
1642 2359 1709 2409 de
1736 2358 1792 2410 S.
1825 2360 1924 2417 M„
1952 2357 2178 2410 essendo
2203 2365 2484 2424 preparato
2510 2374 2541 2408 a
2575 2354 2805 2424 predicare·

953 2460 1357 2510 superuennero
1382 2446 1596 2513 negocii
1622 2446 1832 2513 grandi.
1864 2447 2195 2499 Finalmente
2220 2446 2504 2498 arriuando
2529 2445 2566 2497 li
2586 2441 2809 2513 giornica-

952 2534 1196 2596 niculari,
1226 2551 1476 2587 cessorno
1510 2537 1560 2587 le
1594 2536 1865 2602 prediche,
1894 2538 2046 2588 saluo
2076 2553 2182 2588 vna
2213 2537 2461 2600 funebre,
2498 2538 2603 2588 che
2633 2536 2731 2586 seut
2755 2528 2814 2582 del

958 2625 1014 2674 1³.
1047 2624 1358 2676 OttauianO.

1055 2716 1293 2765 Tornato
1319 2716 1385 2767 de
1415 2715 1719 2767 VVormacia
1747 2735 1776 2767 a
1803 2716 2114 2784 Thilingha‚
2143 2718 2279 2768 altro
2307 2733 2412 2768 non
2441 2718 2515 2768 ho
2541 2718 2692 2779 fatto,
2710 2714 2825 2767 saluo

953 2805 1133 2870 legere
1159 2804 1390 2854 alchune
1417 2821 1540 2857 cose
1566 2823 1595 2855 3
1623 2807 1893 2872 proposito
1920 2807 2005 2859 del
2030 2806 2294 2873 conciglio
2329 2806 2638 2869 tridentinO,
2666 2802 2830 2873 perch&

953 2893 1265 2960 monsignor
1292 2896 1442 2946 Rmo.
1474 2896 1540 2946 de
1566 2895 1756 2960 giorno
1783 2896 1833 2947 in
1861 2897 2051 2963 giorno
2076 2914 2161 2948 me
2185 2895 2322 2958 dice,
2350 2898 2452 2948 che
2477 2898 2527 2949 el
2547 2897 2622 2947 mi
2642 2896 2840 2963 bisogna

949 2983 1144 3048 partire
1182 3001 1273 3050 pzzr
1308 2986 1457 3035 venir
1492 3004 1522 3035 a
1558 2987 1776 3038 Trento.
1815 2988 1872 3040 Si
1916 2989 2018 3038 che
2039 2987 2238 3039 adesso
2281 2989 2487 3052 spendo
2520 2986 2555 3036 il
2590 2996 2764 3054 tempo
2799 2985 2845 3036 in

946 3074 1126 3139 legere
1153 3091 1276 3125 cose
1303 3084 1648 3141 apertenentc
1675 3094 1703 3126 3
1731 3078 1804 3127 tal
1828 3077 2024 3144 viagio,
2058 3078 2132 3129 La
2151 3087 2336 3129 sancta
2362 3076 2670 3129 obedientia
2693 3095 2777 3131 me
2790 3078 2851 3128 ha

1027 3237 1043 3258 c
1100 3224 1183 3268 Sic
1203 3229 1414 3281 autogr„
1434 3230 1524 3280 pro
1545 3228 1711 3269 ch’ella
1734 3241 1821 3270 non
1844 3230 1869 3271 ὸ
1890 3229 2008 3271 dove
2041 3229 2129 3271 ella
2157 3229 2203 3284 ὲ,
2226 3235 2273 3272 et
2292 3229 2456 3272 ch’ella
2484 3242 2579 3272 non
2600 3229 2696 3286 pub
2713 3231 2859 3288 quello

941 3295 1106 3336 ch'ella
1131 3294 1235 3350 puo.

1028 3413 1058 3439 ¹²
1119 3414 1158 3455 II
1185 3414 1326 3469 Con„
1350 3415 1476 3468 XIII,
1505 3426 1569 3457 11.

1025 3482 1059 3507 ¹³
1119 3483 1244 3525 Haec
1266 3484 1425 3525 eadem
1447 3484 1732 3527 confirmavit
1755 3486 1805 3526 B.
1832 3486 1993 3528 Petrus
2015 3484 2230 3529 Canisius
2252 3486 2298 3529 in
2321 3485 2513 3542 epistola
2536 3487 2595 3531 Β.
2624 3489 2770 3534 Petro
2790 3490 2864 3535 Fa-

940 3552 1020 3592 bro
1047 3561 1093 3592 12
1119 3552 1316 3606 Augusti
1341 3563 1444 3606 1545
1466 3552 1587 3603 data,
1610 3553 1687 3596 ubi
1709 3554 1820 3596 haec
1841 3554 1898 3596 de
1920 3560 2076 3596 nostro
2096 3555 2199 3610 Jajo
2220 3555 2416 3611 scripsit:
2440 3555 2641 3613 «Neque
2671 3559 2787 3603 mihi
2802 3573 2867 3605 so·

941 3622 1049 3673 lum,
1072 3621 1152 3662 sed
1176 3622 1460 3664 Ferdinando
1477 3623 1608 3676 Regi.
1635 3623 1716 3665 sed
1732 3623 1932 3678 Caesari,
1964 3623 2047 3666 sed
2068 3623 2471 3680 praestantissimis
2501 3625 2781 3686 quibusque
2805 3629 2867 3672 vi·

939 3690 1001 3731 ris
1020 3690 1136 3733 adeo
1157 3693 1369 3746 placuere
1393 3693 1452 3733 D.
1481 3692 1661 3734 Claudii
1681 3694 1943 3745 conciones,
1965 3707 2076 3750 quas
2097 3693 2263 3736 diebus
2283 3693 2412 3736 festis
2433 3694 2580 3739 habet
2610 3697 2791 3754 italice,
2821 3707 2870 3743 ut

939 3761 1110 3802 nullum
1134 3760 1346 3816 precandi
1369 3760 1537 3804 faciant
1567 3761 1720 3815 finem,
1749 3762 1858 3818 quin
1889 3763 2009 3805 idem
2037 3777 2155 3818 quae
2182 3762 2300 3806 dixit
2328 3763 2372 3806 in
2399 3762 2577 3820 scripta
2607 3767 2797 3825 redigat
2819 3781 2868 3812 ac

939 3828 1132 3882 legenda
1155 3828 1319 3871 tradat.
1354 3830 1470 3871 Dum
1494 3830 1584 3873 illic
1607 3831 1833 3884 adessem,
1857 3846 1965 3874 usus
1985 3839 2057 3874 est
2078 3846 2178 3875 mea
2199 3831 2245 3874 in
2266 3833 2510 3876 scribendo
2531 3848 2699 3893 opera,
2723 3847 2776 3884 ut
2790 3841 2872 3884 hoc

938 3911 1018 3953 pro
1038 3905 1165 3940 certo
1186 3912 1348 3954 queam
1371 3898 1427 3941 de
1450 3900 1526 3942 illo
1548 3901 1891 3954 pronunciare.»
1915 3903 2327 3954 BRAUNSBERGssss,
2352 3902 2441 3945 loc.
2463 3903 2572 3961 cit.,
2598 3908 2639 3963 1,
2663 3917 2764 3964 195.
