3788 4716
1231 623 1309 666 ¹92
1808 647 1813 653 .
1886 609 2045 653 Ens‘r.
2079 607 2130 651 P.
2162 606 2347 652 Bnoin
2402 588 2405 591 ’

2072 750 2154 812 74

1648 853 1893 904 PATRI
1928 852 2252 921 JACOBO
2296 851 2579 904 LAINIO

1740 964 1958 1009 PAmsus,
1988 965 2042 996 20
2072 963 2283 998 Aueusn
2315 954 2415 1008 1561
2450 955 2481 997 ¹.

1241 1046 1461 1102 Quinque
1480 1045 1802 1094 adolescentes,
1822 1045 1905 1099 qui
1924 1044 2196 1087 Societatem
2218 1045 2410 1101 ingredi
2427 1044 2641 1100 cupiunt,
2662 1042 2860 1086 Romam
2874 1055 2960 1085 αισι

1759 1112 1955 1156 Nicolao
1979 1112 2172 1156 Lietard
2191 1112 2462 1156 mittuntur.

2029 1209 2186 1320 Jhiss.

1272 1358 1347 1409 La
1369 1354 1558 1422 gratia,
1586 1371 1715 1421 pace
1750 1364 1804 1407 et
1839 1371 2016 1408 amore
2051 1354 2105 1405 di
2142 1353 2242 1407 Χ.ο
2279 1363 2460 1407 nostro
2496 1354 2712 1422 signore
2742 1354 2823 1406 sia
2852 1360 3123 1420 semp‘!

1167 1446 1291 1499 nelli
1316 1444 1463 1497 cuori
1488 1443 1541 1495 di
1567 1443 1707 1496 tutti.

1273 1535 1435 1588 Molto
1462 1534 1589 1586 Rdo.
1618 1533 1673 1584 in
1697 1532 1797 1585 X.⁰
1825 1534 2013 1587 Padre.

1268 1626 1307 1677 Il
1332 1632 1599 1692 portatore
1621 1624 1760 1677 della
1783 1632 2027 1690 presente
2051 1625 2168 1675 sara
2192 1622 2230 1674 il
2250 1625 2312 1675 Ρ.
2343 1625 2504 1677 Mtro.
2533 1621 2755 1675 Nicolao
2778 1621 2984 1676 [jetan]
3032 1623 3119 1683 ¹¹..

1164 1715 1320 1781 quale
1343 1714 1537 1766 mando
1561 1713 1614 1764 in
1648 1715 1833 1777 Roma,
1867 1713 2103 1767 secondo
2126 1713 2177 1764 la
2201 1712 2418 1764 volunta
2448 1712 2505 1763 di
2528 1713 2595 1764 V.
2632 1713 2701 1764 R.
2737 1712 2812 1764 Et
2833 1711 3113 1767 insieme

1075 1787 1080 1795 ¹
1164 1804 1357 1856 mando
1380 1803 1571 1869 cinque
1595 1801 1831 1870 gioueni,
1859 1801 1982 1854 delli
2008 1802 2150 1869 quali
2173 1818 2298 1865 vn0,
2326 1801 2441 1855 cioe
2463 1801 2699 1865 Simone,
2723 1817 2868 1855 sono
2888 1810 3004 1855 otto
3037 1822 3102 1858 ο

1164 1910 1302 1946 noue
1322 1892 1450 1946 mesi
1469 1893 1570 1945 che
1595 1902 1676 1944 sta
1702 1892 1840 1945 nella
1859 1891 2210 1960 Compagnia‚
2231 1892 2269 1943 il
2290 1892 2448 1958 quale
2467 1892 2537 1943 da
2559 1907 2620 1944 se
2643 1892 2717 1943 ha
2737 1892 2873 1945 fatto
2892 1891 3094 1945 livoti

1164 1984 1218 2035 in
1243 1991 1429 2050 questa
1452 1998 1651 2048 pasqua
1676 1980 1858 2033 vltima
1883 1980 2102 2035 insieme
2127 1998 2228 2034 con
2252 1981 2330 2049 gli
2358 1980 2498 2046 altri,
2523 1980 2668 2047 quali
2698 1983 2884 2034 hanno
2913 1981 3079 2034 nino-

1166 2081 1291 2124 uato
1315 2071 1351 2122 li
1375 2071 1485 2124 voti
1517 2072 1566 2122 al
1599 2070 1773 2135 solito;
1801 2079 1856 2123 et
1891 2071 1966 2139 gli
1998 2071 2116 2123 altri
2152 2079 2340 2137 quatro
2374 2086 2508 2124 sono
2543 2070 2764 2138 gioneni
2797 2072 2956 2124 molto
2976 2072 3097 2122 d—

1164 2163 1317 2224 bene,
1340 2170 1393 2214 et
1410 2160 1696 2213 desiderosi
1720 2161 1773 2211 d'
1794 2177 1967 2213 essere
1991 2161 2127 2213 della
2147 2159 2492 2228 Compagnia,
2514 2176 2601 2211 ma
2624 2177 2734 2212 non
2758 2162 2936 2212 hanno
2948 2176 3099 2228 puk-

1164 2260 1280 2302 tuto
1304 2251 1496 2301 intrare
1522 2251 1577 2301 in
1600 2265 1722 2302 casa
1744 2251 1831 2304 del
1857 2250 2082 2318 collegio
2105 2249 2160 2301 di
2184 2249 2383 2317 Parigi,
2406 2266 2499 2316 per
2517 2265 2681 2301 causa
2703 2249 2831 2304 delli
2852 2241 3099 2318 parent?

1162 2348 1216 2393 et
1238 2339 1411 2402 amici,
1434 2339 1574 2405 quali
1600 2339 1687 2407 pin
1709 2348 1885 2406 presto
1908 2340 2282 2392 hauerebbeno
2307 2337 2557 2406 impedito
2578 2340 2681 2393 che
2705 2335 3099 2407 agiutato.1¹'.‘·

1162 2429 1341 2496 perho,
1363 2429 1586 2480 essendo
1604 2427 1819 2495 gioueni
1843 2428 1978 2480 assai
2002 2429 2137 2482 bene
2156 2427 2323 2480 dotati
2347 2435 2401 2480 et
2420 2427 2730 2493 qualificati,
2753 2435 2898 2480 tanto
2913 2425 3096 2479 delle

1159 2518 1269 2570 doti
1292 2517 1566 2585 corporali,
1595 2533 1746 2570 come
1769 2518 1905 2570 delle
1942 2517 2218 2584 spirituali,
2245 2532 2396 2569 come
2427 2517 2577 2583 potra
2614 2520 2832 2584 prouar'
2857 2518 2920 2571 V.
2945 2516 3001 2568 R-
3064 2540 3088 2561 a

1159 2610 1384 2661 hauemo
1407 2616 1627 2675 pensato
1653 2606 1945 2674 mandargli
1969 2606 2060 2674 pisi
2083 2614 2264 2674 presto
2290 2608 2390 2660 che
2415 2606 2680 2674 mettergli
2718 2606 2775 2658 in
2804 2603 3083 2674 perimb-

1160 2706 1307 2750 tanto
1326 2698 1449 2750 delli
1473 2697 1697 2764 parenti,
1720 2713 1870 2749 come
1895 2699 2126 2749 anchora
2148 2714 2239 2763 per
2258 2713 2418 2749 causa
2443 2695 2579 2748 delle
2601 2695 2812 2750 heresie
2835 2699 3076 2767 etpsssse

1157 2786 1412 2854 corporali
1438 2789 1537 2839 che
1561 2795 1642 2838 sta
1667 2787 1855 2839 adesso
1880 2786 1934 2838 in
1956 2786 2154 2853 Parigi.
2177 2786 2317 2839 Delli
2343 2785 2544 2853 negotii
2568 2786 2710 2838 della
2726 2782 3052 2854 Compagnia

1157 2876 1389 2929 seriuero
1414 2893 1444 2927 a
1467 2877 1535 2928 V.
1566 2878 1629 2927 R.
1670 2893 1763 2942 per
1796 2877 1928 2927 altra
1959 2875 2063 2938 via,
2101 2884 2155 2927 et
2189 2875 2279 2942 pitl
2316 2882 2509 2942 presto,
2550 2877 2708 2927 Altro
2740 2893 2836 2943 per
2869 2874 3051 2927 adeso

1157 2983 1263 3016 non
1287 2965 1462 3016 scriuo
1487 2984 1518 3018 a
1542 2966 1609 3017 V.
1638 2966 1719 3028 R„
1748 2965 2021 3033 pregando
2048 2965 2083 3015 il
2109 2964 2324 3032 signore
2347 2965 2452 3017 Dio
2475 2965 2525 3017 13
2550 2965 2798 3018 conserui
2835 2973 2889 3018 et
2913 2978 3027 3032 aug*

1157 3037 1432 3107 menti'nel
1456 3071 1556 3107 suo
1582 3063 1737 3107 santo
1762 3053 1999 3107 seruitio.

1254 3143 1323 3195 Di
1355 3143 1550 3211 Parigi,
1579 3143 1664 3195 alli
1692 3158 1759 3195 20
1783 3144 1836 3194 d'
1867 3145 2076 3211 Agosto
2109 3144 2257 3208 1561.

1257 3232 1323 3284 Di
1350 3234 1417 3285 V.
1447 3235 1510 3285 R.
1541 3250 1697 3286 seruo
1721 3242 1774 3286 et
1799 3233 2002 3301 figliolo
2028 3232 2322 3295 humilimo,

2199 3324 2520 3375 PAsenAslo
2557 3322 2777 3376 Bnossr.

1257 3412 1451 3478 Quello
1480 3414 1579 3463 che
1609 3412 1653 3464 si
1686 3412 1890 3464 chiama
1924 3412 2198 3464 Ludouico
2237 3413 2422 3463 Rouan
2464 3412 2533 3462 ha
2578 3412 2787 3465 hauuto
2830 3417 3046 3482 qualche

1157 3501 1445 3553 tentatione
1469 3501 1520 3552 di
1548 3518 1654 3553 non
1680 3501 1959 3554 risoluerse
1977 3500 2028 3553 d'
2047 3517 2221 3553 essere
2247 3502 2384 3554 della
2404 3500 2755 3568 Compagnia,
2779 3521 2878 3571 per
2895 3521 3048 3560 causa

1157 3590 1242 3641 del
1268 3606 1365 3641 suo
1393 3591 1597 3642 fratello
1621 3591 1915 3658 maggiore,
1944 3591 2099 3656 quale
2124 3591 2150 3641 ὲ
2177 3598 2316 3641 stato
2342 3588 2513 3656 questi
2551 3590 2725 3658 giomi
2758 3607 3049 3648 amazzato:

1237 3738 1247 3761 ¹
1310 3735 1378 3777 Ex
1414 3735 1707 3789 autographo,
1736 3734 1781 3777 in
1808 3734 1965 3777 codice
2005 3736 2150 3790 Epist.
2188 3735 2346 3785 Fabri,
2371 3733 2481 3790 Jaji
2514 3739 2557 3777 et
2592 3735 2753 3787 Eruet,
2793 3739 2934 3784 unico
2962 3741 3055 3796 fol„
3118 3719 3122 3742 ⁴

1154 3818 1200 3846 n.
1226 3803 1321 3857 187,
1342 3802 1466 3858 prius
1486 3802 1584 3856 389.

1231 3878 1248 3899 ²
1308 3871 1580 3915 Paredensis
1599 3871 1710 3915 alias
1732 3869 2009 3916 nominatus.
2033 3872 2150 3916 Vide
2171 3873 2306 3930 epist.
2327 3873 2395 3916 68.
