3788 4716
1215 630 1299 674 ²²4
1882 619 2043 664 EPIST.
2075 617 2127 662 P.
2159 617 2346 662 Bnom

1154 738 1310 801 risiis,
1333 737 1529 792 ibidem
1554 745 1932 802 commorante,
1960 745 2015 790 et
2026 739 2233 806 Joanne
2251 736 2301 788 le
2313 737 2434 805 Jay,
2456 735 2653 791 clerico
2673 735 2900 790 Parisiis
2924 754 3074 790 com-

1153 837 1394 881 morante
1418 835 1542 881 ante
1565 827 1819 895 palatium
1843 827 2152 895 parisiense,
2182 826 2409 880 testibus
2441 827 2509 879 ad
2534 826 2836 894 praemissa
2869 828 3076 881 vocatis

1150 926 1208 971 et
1233 917 1453 986 rogatis,

1255 1009 1322 1060 Et
1347 1006 1662 1067 adveniente
1681 1006 1794 1074 ipsa
1818 1006 1904 1059 die
1932 1006 2201 1068 Mercurii,
2230 1005 2498 1068 videlicet,
2534 1006 2892 1060 decimanona
2917 1023 3066 1074 prae-

1149 1097 1277 1150 dicti
1310 1097 1506 1150 mensis
1528 1096 1694 1166 Junii,
1723 1097 1790 1148 ad
1822 1097 2066 1150 eumdem
2093 1095 2367 1148 dominum
2399 1095 2680 1148 officialem
2718 1095 3063 1165 parisiensem

1148 1185 1375 1241 accessit
1392 1186 1531 1239 idem
1547 1189 1744 1239 Brouet
1760 1194 1812 1239 et
1829 1185 1999 1239 eidem
2013 1185 2229 1238 domino
2245 1185 2455 1238 officiali
2469 1185 2718 1253 exposuit
2738 1185 2914 1253 ipsam
2931 1186 3062 1241 diem

1146 1277 1357 1329 sibimet
1379 1276 1663 1344 exponenti
1690 1294 1783 1344 per
1808 1277 2103 1342 praefatum
2124 1275 2397 1327 dominum
2416 1275 2695 1328 officialem
2721 1291 2848 1330 esse
2872 1277 3058 1344 praefi-

1145 1383 1266 1418 xam
1285 1366 1351 1417 ad
1370 1365 1443 1417 illi
1467 1367 1894 1432 respondendum
1918 1382 2078 1433 super
2103 1365 2386 1433 praedictis
2410 1365 2685 1432 apostolis,
2727 1365 2823 1432 qui
2850 1365 3057 1432 quidem

1145 1455 1391 1507 dominus
1414 1454 1651 1507 officialis
1677 1455 1775 1523 ipsi
1796 1457 1996 1507 Brouet
2015 1454 2147 1506 dixit
2167 1454 2310 1522 quod
2330 1470 2438 1506 non
2458 1461 2664 1522 poterat
2685 1455 2874 1507 adhuc
2892 1454 3060 1509 eidem

1150 1545 1470 1613 respondere
1500 1562 1661 1613 super
1692 1545 1892 1598 eisdem
1931 1544 2203 1612 apostoliS,
2230 1560 2298 1596 ex
2322 1561 2388 1598 eo
2420 1544 2565 1612 quod
2596 1544 2819 1597 volebat
2853 1544 3057 1612 praedi·

1147 1643 1286 1688 ctam
1319 1633 1728 1703 appellationem
1761 1634 2154 1688 communicare
2184 1632 2414 1686 dominis
2444 1632 2758 1686 doctoribus
2793 1634 3062 1688 facultatis

1149 1723 1465 1791 theologiae3
1494 1725 1588 1777 sed
1612 1723 1713 1776 sibi
1737 1741 1898 1791 super
1920 1723 2049 1791 ipsis
2073 1722 2323 1791 apostolis
2343 1722 2479 1774 infra
2496 1721 2638 1775 diem
2657 1731 2917 1776 octavum
2941 1740 3055 1792 pro—

1148 1814 1288 1867 xime
1312 1822 1620 1881 sequentem
1642 1814 2002 1881 responderet.

1252 1905 1390 1955 Acta
1417 1904 1631 1957 fuerunt
1655 1906 1788 1957 haec
1811 1903 1867 1954 in
1886 1902 2155 1971 praedicta
2185 1901 2411 1956 ecclesia
2434 1901 2735 1969 parisiensi,
2765 1903 3057 1970 praesenti-

1148 1994 1250 2045 bus
1273 1991 1468 2046 ibidem
1496 1992 1762 2060 magistris
1779 1994 1981 2062 Jacobo
2000 1991 2272 2055 Guerri'er,
2294 1991 2639 2059 praesbytero
2661 1992 3060 2061 andegavensis

1146 2082 1422 2144 dioecesiS,
1450 2078 1798 2135 in-subu'rbiis
1824 2082 1924 2136 Sti.
1954 2082 2188 2136 Marcelli
2222 2099 2384 2149 prope
2410 2080 2643 2133 Parisios
2666 2093 3068 2146 commorante,-

1145 2181 1199 2224 et
1225 2171 1482 2225 Michaele
1506 2173 1647 2241 Joly,
1675 2172 1870 2224 clerico
1905 2170 2159 2225 trecensis
2181 2170 2460 2234 dioecesiS,
2486 2170 2541 2222 in
2574 2172 2815 2225 claustro
2842 2182 3054 2227 nostrae

1146 2262 1404 2314 Dominae
1428 2271 1807 2324 commorante,
1836 2261 2062 2315 testibus
2087 2261 2153 2313 ad
2177 2260 2463 2328 praemissa
2486 2260 2713 2314 vocatis,

1248 2350 1455 2404 Deinde
1488 2351 1574 2404 die
1610 2350 1858 2404 Mercurii
1898 2352 2009 2403 16.a
2042 2349 2297 2417 praedicti
2333 2349 2530 2403 mensis
2554 2349 2725 2419 Junii,
2761 2352 3052 2407 adveniens

1142 2441 1282 2494 idem
1329 2444 1506 2504 Broet,
1542 2458 1719 2493 coram
1753 2441 1894 2493 dicto
1924 2440 2139 2491 domino
2168 2439 2379 2492 'officiali
2422 2441 2740 2507 comparuit,
2788 2442 2884 2495 cui
2924 2442 3051 2496 dixit

1140 2532 1364 2601 ipsemet
1403 2535 1562 2584 Broet
1593 2532 1830 2584 eamdem
1871 2530 2009 2583 diem
2043 2546 2160 2582 esee
2195 2530 2477 2597 praefixam
2512 2530 2579 2582 ad
2613 2532 3048 2598 respondendum

1137 2639 1297 2690 super
1322 2620 1603 2674 antedictis
1627 2620 1897 2689 apostolis3
1920 2620 2010 2686 qui
2030 2620 2198 2673 eidem
2221 2621 2383 2672 Broet
2406 2618 2540 2671 dixit
2564 2621 2710 2685 quod
2734 2621 2959 2674 volebat
2978 2621 3048 2674 illi

1137 2730 1299 2780 super
1324 2712 1523 2765 eisdem
1551 2712 1804 2779 apostolis
1839 2701 2045 2776 scripto'
2061 2710 2398 2777 respondere,
2428 2717 2481 2762 et
2512 2711 2655 2775 quod
2689 2720 3052 2765 reverteretur

1136 2802 1222 2855 die
1247 2802 1496 2864 crastina,
1525 2810 1579 2853 et
1604 2800 1677 2852 illi
1703 2801 2049 2867 responderet
2073 2817 2232 2866 super
2257 2798 2386 2867 ipsis
2409 2799 2682 2866 apostoliS.

1239 2895 1383 2944 Acta
1408 2894 1627 2945 fuerunt
1657 2893 1790 2943 haec
1826 2890 1879 2941 in
1917 2891 2148 2943 claustro
2181 2898 2393 2941 nostrae
2418 2889 2683 2942 Dominae
2715 2891 3046 2957 paridem,

1135 2981 1502 3048 praesentibus
1551 2980 1746 3033 ibidem
1799 2979 2189 3032 venerabilibus
2230 2988 2284 3030 et
2326 2979 2569 3032 discretis
2613 2978 2741 3031 viris
2788 2983 3051 3050 magistro

1132 3072 1414 3139 Arnulpho
1452 3074 1722 3134 Monnart,
1751 3070 2063 3137 praebytero
2094 3068 2149 3119 in
2183 3069 2295 3121 iure
2321 3068 2609 3131 licentiato,
2639 3069 2692 3121 in
2723 3071 2845 3125 foro
2872 3073 3046 3126 eccle-

1131 3160 1343 3213 siastico
1373 3160 1646 3228 parisiensi
1681 3161 1957 3221 advocato,
1989 3159 2041 3209 in
2084 3158 2203 3210 vico
2245 3176 2446 3210 nucum
2490 3157 2772 3226 parisiensi
2804 3177 3040 3216 commo-

1132 3259 1302 3313 rante,
1326 3259 1379 3303 et
1404 3249 1806 3317 praenominato
1825 3250 1892 3302 de
1918 3250 1967 3301 la
1992 3248 2222 3312 Riviiere,
2248 3247 2473 3300 testibus
2497 3249 2563 3300 ad
2582 3250 2715 3300 haec
2741 3252 2977 3304 vocatis.

1233 3342 1357 3406 Qua
1383 3340 1469 3392 die
1496 3338 1725 3391 crastina
1751 3338 2086 3401 adveniente,
2115 3337 2361 3392 videlicet
2386 3338 2471 3392 die
2498 3338 2647 3406 Jovis
2681 3352 2747 3402 27
2780 3342 3044 3407 praedicti

1131 3429 1328 3482 mensis
1345 3429 1513 3498 Junii,
1548 3429 1615 3480 ad
1648 3445 1928 3494 personam
1955 3427 2192 3480 eiusdem
2224 3426 2423 3479 domini
2457 3427 2696 3479 officialis
2727 3429 3046 3496 parisiensis

1125 3518 1239 3586 ipse
1266 3521 1424 3571 Broet
1449 3517 1689 3580 accessit,
1719 3517 1803 3570 cui
1839 3517 2124 3585 supplicuit
2155 3527 2175 3548 ²
2222 3526 2485 3584 quatenus
2508 3517 2610 3569 sibi
2635 3535 2803 3585 super
2825 3522 3041 3588 praedi·-

1125 3618 1212 3659 cta
1253 3608 1601 3675 appellatione
1638 3617 1692 3660 et
1734 3606 1984 3673 apostolis
2033 3609 2352 3675 respondere
2395 3608 2555 3661 vellet
2596 3616 2651 3660 et
2693 3607 3037 3677 dignaretur.
3062 3632 3071 3641 ·

1125 3698 1233 3764 Qui
1276 3697 1487 3764 quidem
1530 3697 1793 3758 dominus,
1840 3697 2076 3750 officialis
2110 3697 2411 3764 parisiensis
2452 3697 2596 3749 dicto
2631 3697 2897 3766 magistro
2935 3704 3043 3756 Pa-

1201 3906 1224 3926 2
1254 3892 1331 3935 Sic
1352 3865 1563 3933 nostruin
1586 3894 1753 3948 apogr.
