3788 4716
1009 624 1095 667 420
1597 611 1647 652 P.
1679 609 1892 655 Coounn
1924 611 2245 654 Monuuaxu

955 735 1010 784 lo
1036 732 1386 785 concederme
1412 730 1584 797 primo
1609 733 1710 783 che
1748 731 1799 781 in
1839 731 1954 782 foro
1991 731 2353 785 conscientiae
2389 740 2618 799 potesse
2657 734 2840 785 assolu

953 825 1024 876 de
1050 821 1159 873 casi
1185 820 1463 884 reseruati,
1491 831 1545 873 et
1570 829 1869 871 commutat
1896 820 2007 872 uoti
2035 821 2293 873 reseruati
2318 839 2350 873 a
2381 823 2432 873 la
2469 823 2612 876 sede
2638 825 2844 890 apostol

952 932 1035 973 ca,
1065 921 1290 979 excepto
1315 911 1350 962 li
1379 910 1633 964 reseruati
1661 911 1715 961 in
1746 911 1897 961 Bulla
1923 926 2123 962 coenae
2149 911 2382 974 Domini,
2410 921 2468 965 et
2505 914 2774 965 hauendo
2797 931 2844 965 at

954 1006 1056 1054 cha
1086 1002 1154 1055 lei
1188 1002 1477 1053 benedetto
1510 1017 1615 1051 una
1653 1016 1849 1051 corona
1888 1000 1940 1051 in
1979 1017 2100 1052 man
2139 1001 2263 1063 mia,
2290 1002 2657 1056 concedendo
2702 1005 2798 1056 che
2830 1003 2842 1053 i

952 1092 1308 1158 qualsiuoglia
1340 1093 1475 1143 altra
1506 1108 1706 1141 corona
1745 1091 1890 1142 fusse
1928 1108 2035 1142 una
2065 1090 2120 1142 di
2156 1091 2332 1157 quelle
2371 1094 2501 1144 Aue
2535 1093 2715 1146 Marie
2749 1094 2840 1144 dell

953 1199 1151 1233 corona
1175 1182 1480 1242 benedetta,
1509 1180 1819 1246 qualunque
1845 1182 1893 1232 la
1929 1180 2140 1243 dicessi,
2184 1198 2276 1247 per
2311 1181 2445 1250 ogni
2483 1182 2642 1234 uolta
2677 1184 2843 1251 gnada·

953 1290 1149 1336 gnasse
1175 1273 1224 1323 le
1255 1270 1471 1322 stationi
1510 1279 1563 1323 et
1601 1270 1968 1337 indulgentiae
1998 1270 2135 1323 delle
2166 1270 2437 1325 chiese‘di
2473 1273 2671 1336 Roma;
2709 1290 2844 1341 pregc

950 1361 1299 1413 humilinente
1324 1377 1422 1412 sua
1447 1359 1794 1422 beatitudine,
1824 1361 1999 1426 quelle
2023 1361 2313 1428 sopraditte
2338 1361 2555 1429 gratiae
2592 1364 2664 1415 de
2696 1364 2844 1415 absol-

944 1469 1045 1516 ·uer
1070 1451 1123 1501 in
1151 1449 1453 1512 reseruatis,
1482 1460 1537 1503 et
1562 1449 1938 1516 permutationi
1962 1459 2016 1502 et
2041 1450 2361 1503 absolutioni
2386 1453 2459 1504 de
2485 1452 2623 1514 uoti,
2645 1453 2688 1504 si
2705 1451 2839 1519 degni

948 1541 1241 1593 concedere
1273 1540 1358 1591 alli
1393 1539 1513 1591 miei
1551 1539 1855 1607 compagni,
1884 1539 2026 1605 quali
2062 1557 2198 1591 sono
2231 1541 2490 1593 nominati
2525 1542 2666 1595 nella
2699 1543 2828 1602 bulla,

946 1633 1069 1696 qual
1095 1647 1192 1682 sua
1218 1630 1412 1682 santitii
1438 1629 1486 1681 ci
1515 1632 1580 1680 ha
1600 1646 1855 1682 concessa
1874 1628 1928 1680 in
1949 1629 2351 1682 confirmatione
2366 1631 2511 1683 della
2529 1631 2819 1700 Compagnia

946 1730 1144 1784 nostra,
1173 1730 1227 1773 et
1262 1720 1313 1770 in
1352 1720 1531 1785 quello
1568 1718 1858 1771 medesimo
1895 1721 2053 1771 modo
2091 1720 2348 1774 benedica
2380 1731 2576 1788 queste
2606 1730 2809 1788 quarenta

945 1821 1135 1877 quatro
1166 1826 1382 1871 corone,
1417 1810 1763 1861 concedendo
1801 1810 1975 1862 anche
1999 1825 2100 1861 con
2140 1810 2189 1861 le
2226 1811 2524 1878 sopraditte
2557 1809 2747 1864 stationi
2768 1818 2801 1861 et

945 1899 1330 1967 indulgentiae,
1360 1916 1512 1950 como
1531 1916 1784 1951 concesse
1803 1899 1850 1951 al
1876 1899 2009 1951 altra
2033 1901 2138 1952 che
2164 1917 2249 1953 me
2274 1901 2579 1964 benedisse,
2601 1903 2690 1953 che
2709 1917 2792 1967 qua-

946 1992 1146 2056 lunque
1170 1991 1289 2041 dica
1315 1991 1365 2041 la
1389 2006 1590 2041 corona
1616 2008 1682 2041 ne
1709 1991 1757 2040 la
1783 1991 1907 2055 qual
1931 1989 2009 2041 sia
2037 2008 2142 2041 una
2178 1991 2245 2041 de
2270 1999 2462 2057 queste
2500 1995 2620 2044 Aue
2652 1989 2784 2043 Mariae

946 2089 1121 2132 trenta
1156 2088 1234 2132 tre
1267 2080 1414 2132 uolte
1449 2079 1501 2130 in
1534 2082 1705 2131 honor
1741 2080 1809 2132 de
1848 2087 2020 2132 trenta
2058 2088 2139 2132 tre
2174 2079 2300 2131 anni
2338 2082 2442 2134 che
2478 2082 2538 2132 fu
2574 2081 2616 2133 el
2648 2079 2789 2146 Signor
2841 2146 2843 2152 Ι

946 2179 1129 2222 nostro
1147 2172 1277 2238 Jesu
1302 2171 1403 2222 X.⁰
1428 2187 1584 2237 sopra
1617 2170 1667 2221 la
1694 2178 1850 2231 terra,
1873 2187 1931 2228 se
1957 2168 2108 2224 liberi
2135 2187 2207 2220 un
2234 2169 2414 2222 anima
2437 2172 2506 2224 de
2529 2167 2780 2238 purgatorio:

944 2259 1052 2326 piu,
1076 2262 1175 2312 che
1201 2258 1254 2309 in
1281 2276 1407 2311 caso
1431 2262 1531 2310 che
1555 2258 1602 2309 ci
1631 2275 1842 2325 paresse
1868 2275 2013 2311 esser
2033 2258 2157 2311 stati
2181 2259 2429 2326 occupati
2456 2260 2512 2311 in
2536 2254 2776 2312 confessioni

944 2352 992 2401 la
1019 2349 1237 2411 matina,
1266 2367 1299 2401 o
1324 2349 1375 2400 in
1405 2350 1537 2403 altre
1569 2366 1729 2415 opere
1762 2348 1865 2415 pie,
1896 2365 1928 2400 0
1965 2349 2101 2400 altro
2132 2348 2516 2417 impedimento
2556 2348 2688 2408 licitu,
2710 2359 2773 2411 po-

944 2441 1105 2492 tiamo
1129 2441 1366 2493 celebrat
1390 2439 1545 2506 dapoi
1568 2456 1717 2490 mezo
1734 2438 1786 2490 di
1816 2448 1869 2490 et
1895 2447 2277 2512 ammaestrarj·
2296 2440 2331 2490 il
2350 2448 2509 2492 santo
2526 2441 2762 2491 sacramento

943 2531 1082 2583 della
1107 2529 1463 2583 eucharestia.
1752 2534 1759 2541 '
2548 2520 2554 2526 ¹

1048 2622 1122 2672 Le
1164 2637 1290 2673 cose
1332 2620 1634 2686 sopradette
1680 2617 1937 2684 supplicai
1980 2619 2031 2669 io
2072 2617 2320 2672 Gioanne
2359 2620 2558 2672 Coduri
2594 2620 2633 2669 al
2663 2624 2752 2681 papa,

941 2712 1096 2776 quale
1123 2709 1540 2776 benignamente
1558 2725 1811 2760 concesse
1831 2708 1962 2774 ogni
1980 2724 2104 2759 cosa
2124 2726 2155 2758 a
2172 2708 2226 2760 di
2251 2721 2278 2773 5
2299 2709 2369 2760 de
2390 2709 2662 2763 Nouembre
2677 2712 2753 2765 154⁰

943 2801 993 2850 in
1021 2809 1175 2851 santo
1207 2800 1404 2860 Pietro,
1434 2799 1485 2849 in
1513 2800 1637 2864 qual
1663 2797 1854 2864 giorno
1881 2800 1949 2848 ho
1980 2807 2097 2849 soto
2128 2798 2360 2866 escripta
2385 2809 2570 2865 questa
2600 2794 2756 2864 presente

947 2889 1354 2956 supplicatione.

1987 2980 2297 3031 (ἶιουΑΝ-ΝΕ
2335 2981 2571 3052 Cenum.

1023 3169 1043 3188 a
1104 3154 1203 3206 Sic,
1218 3158 1313 3209 pro
1333 3151 1682 3194 amministrare.

941 3323 1084 3352 rescr.
1106 3308 1277 3361 antiq„
1301 3284 1435 3348 unico
1455 3303 1528 3346 fol.
1542 3336 1554 3357 ,
1576 3317 1621 3345 n.
1644 3302 1714 3356 34.
1738 3303 1921 3345 Titulus
1942 3303 2194 3359 archetypo
2215 3304 2445 3359 praefixus
2470 3306 2530 3349 ita
2547 3303 2663 3347 habet:
2681 3288 2750 3334 *σθ’

940 3380 1013 3431 pia
1033 3379 1152 3420 della
1174 3375 1507 3432 supplicatione
1526 3385 1747 3423 concessa
1768 3385 1793 3413 a
1815 3372 1916 3413 Mis·
1942 3373 2016 3427 J0.
2040 3371 2212 3416 Coduri
2240 3373 2316 3417 dal
2339 3388 2472 3432 papa,
2493 3380 2539 3419 et
2562 3378 2637 3416 soto
2653 3359 2750 3409 ’affl'

938 3448 997 3490 <le
1020 3461 1100 3490 sua
1124 3459 1302 3489 mano.»
