3788 4716
1055 610 1137 652 380
1769 615 1929 657 EpisT.
1964 615 2014 656 P.
2047 615 2146 669 μμ

1932 732 1970 790 2

1602 827 1885 884 JOANNES
1922 828 2300 875 coe-HLAEUS

1371 921 1677 971 PATRI
1759 921 2228 973 CLAUDIO
2300 923 2537 990 JAJO

1547 1033 1847 1076 nnisnom,
1864 1022 1912 1066 31
1937 1034 2166 1076 JANUAmt
2192 1025 2298 1079 1546
2319 1027 2350 1067 ¹.

1494 1120 1564 1163 De
1614 1121 1843 1176 colloquio
1889 1122 2171 1165 Ratisbonae
2217 1123 2396 1168 habito.

1910 1235 2013 1306 liis.

1090 1361 1144 1412 S.
1179 1361 1240 1410 P.
1276 1360 1403 1411 Rde.
1438 1358 1504 1409 mi
1543 1360 1700 1411 Pater
1724 1358 1934 1410 Claudi.

1090 1451 1166 1500 Ex
1200 1448 1366 1500 literis
1407 1448 1525 1501 Rdi.
1564 1447 1761 1499 domini
1798 1447 2066 1499 Ambrosii
2107 1449 2382 1501 Catharini
2410 1452 2449 1510 ²,
2495 1452 2555 1503 16
2587 1444 2808 1504 Decembris

983 1537 1220 1591 Tridenti
1255 1537 1411 1599 datis:
1444 1537 1675 1591 intellexi
1705 1547 1757 1591 te
1789 1538 2110 1591 incolumem
2143 1539 2282 1591 istuc
2315 1540 2642 1606 peruenisse,
2665 1540 2708 1591 id
2724 1534 2808 1604 quod

978 1628 1107 1679 mihi
1136 1627 1320 1679 auditu
1348 1626 1788 1679 iucundissimum
1816 1628 2006 1679 merito
2034 1628 2150 1689 fuit,
2179 1646 2241 1679 ac
2280 1632 2398 1682 Deo
2424 1631 2622 1697 gratias
2643 1641 2808 1696 agmen-

978 1728 1150 1770 terum
1196 1735 1304 1769 non
1349 1717 1568 1784 ignoras
1611 1735 1768 1783 quarn
1813 1717 1909 1768 sim
1953 1735 2060 1784 ego
2104 1718 2377 1783 literarum
2424 1728 2630 1772 tuarum
2667 1718 2806 1771 auidus:

977 1808 1448 1875 quamplurimum
1478 1816 1529 1858 te
1555 1825 1705 1874 rogo,
1736 1825 1802 1858 ne
1829 1807 2149 1860 intermittas
2173 1808 2313 1874 piam
2349 1808 2490 1861 illam
2523 1828 2647 1878 erga
2668 1825 2734 1861 me
2748 1808 2806 1858 hu·
2835 1833 2839 1837 ·

977 1899 1280 1950 manitatem
1308 1907 1361 1949 et
1387 1897 1826 1950 consuetudinem
1855 1906 2020 1948 tuam.

1078 1991 1355 2055 Quantum
1393 1987 1559 2054 igitur
1591 1989 1657 2039 ad
1702 2005 1918 2054 presens
1954 1988 2273 2055 Ratisponae
2316 1991 2638 2057 colloquium
2667 1987 2806 2046 attinet,

973 2079 1125 2130 mitto
1170 2078 1260 2129 tibi
1308 2095 1450 2129 nune
1491 2079 1743 2130 schedam
1794 2094 1998 2139 eorum,
2045 2078 2134 2143 qui
2184 2080 2544 2132 aduenerant.
2596 2076 2806 2147 Negotium

970 2168 1143 2235 ipsum
1168 2177 1379 2234 ceptum
1408 2176 1490 2220 est
1517 2182 1580 2231 27
1609 2167 1867 2235 Januarii,
1896 2170 1992 2219 sed
2019 2185 2362 2236 progressum
2399 2171 2660 2224 hactenus
2679 2168 2808 2221 habere

968 2276 1073 2310 non
1112 2258 1303 2325 potuit,
1344 2266 1559 2325 propter
1596 2258 1760 2325 partis
1794 2259 2052 2311 aduersae
2086 2258 2295 2325 iniquas
2336 2259 2647 2326 petitiones;
2677 2251 2806 2312 domini

966 2348 1105 2401 enim
1143 2348 1471 2415 presidentes
1505 2349 1787 2400 voluerunt
1819 2349 1955 2399 duos
1994 2347 2318 2402 constituere
2352 2351 2608 2414 notarios,
2635 2349 2713 2417 qui
2735 2352 2806 2398 acti

964 2437 1191 2491 fideliter
1215 2437 1526 2497 scriberent,
1555 2447 1611 2487 vt
1636 2447 1823 2489 secure
1850 2437 2055 2502 possint
2080 2453 2328 2491 cesareae
2361 2439 2625 2505 majestati
2648 2448 2694 2493 et
2712 2431 2806 2490 stati-

962 2530 1065 2579 bus
1092 2526 1293 2594 imperii
1321 2527 1534 2579 referre:
1559 2537 1612 2578 et
1631 2527 1893 2579 dederunt
1919 2527 1995 2579 eis
2020 2527 2341 2579 aduersariis
2364 2527 2583 2596 impiam
2605 2526 2803 2583 schedam.

961 2618 1014 2686 in
1059 2635 1161 2684 qua
1195 2626 1308 2669 erat
1355 2617 1574 2666 formula
1609 2616 1890 2669 iuramenti
1936 2617 2281 2679 notariorum,
2318 2634 2459 2683 quae
2492 2635 2619 2679 sane
2652 2612 2805 2672 formula

960 2708 1245 2775 equissima
1277 2716 1409 2778 erat,
1439 2706 1567 2757 nihil
1604 2708 1722 2773 plus
1755 2688 1909 2758 nobis
1942 2723 2099 2772 quam
2128 2707 2229 2758 illis
2266 2709 2461 2761 fauens
2493 2719 2586 2762 aut
2618 2710 2801 2764 tribuens

961 2809 1013 2850 at
1061 2797 1302 2850 homines
1340 2796 1696 2850 contentionis
1726 2807 1780 2846 et
1812 2814 1981 2850 vanae
2022 2797 2189 2864 glorie
2226 2799 2439 2865 cupidi,
2476 2801 2614 2852 vltra
2643 2793 2819 2851 notariu-

960 2888 1336 2954 presidentium
1385 2896 1569 2953 petunt
1614 2888 1818 2938 admitti
1863 2890 1998 2938 duos
2047 2888 2177 2939 alios
2221 2889 2462 2941 notarios
2501 2906 2568 2943 ex
2610 2889 2719 2952 suss,
2749 2897 2806 2952 pfl·

959 2996 1185 3044 quorum
1212 2978 1404 3044 scripta
1434 2978 1634 3044 possint
1668 2977 1878 3044 singula
1913 2986 2029 3029 acta
2062 2979 2174 3030 suis
2198 2979 2601 3033 communicare
2624 2970 2803 3049 principi-

958 3071 1076 3127 bus,
1107 3078 1391 3133 antequam
1420 3067 1601 3119 referri
1627 3074 1825 3132 queant
1853 3069 1919 3117 ad
1945 3085 2213 3120 cesaream
2251 3069 2583 3135 majestatem
2610 3081 2660 3124 et
2678 3068 2803 3121 adco-

956 3176 1144 3209 munes
1170 3167 1341 3208 status
1367 3156 1591 3223 imperii;
1623 3159 1723 3207 hoc.
1755 3166 1931 3207 autem
1959 3166 2012 3208 et
2038 3157 2434 3223 presidentibus
2462 3168 2519 3212 et
2547 3159 2688 3212 nobis
2705 3154 2801 3206 vidt·

955 3258 1041 3300 tm·
1085 3247 1363 3314 indignum
1408 3257 1567 3312 atque
1609 3255 1663 3297 et
1707 3256 1892 3297 contra
1936 3254 2165 3298 mentem
2211 3257 2263 3300 et
2299 3249 2632 3303 voluntatem
2666 3238 2803 3300 cesari⁵

1034 3409 1044 3432 ¹
1107 3408 1172 3448 Ex
1203 3406 1480 3462 apographo,
1512 3404 1557 3446 in
1587 3406 1682 3446 vol.
1724 3406 1760 3445 Γ
1757 3406 1869 3447 aria
1905 3405 2048 3454 Hist„
2081 3405 2328 3462 1‚f01.93,
2363 3419 2439 3462 94.
2470 3408 2641 3452 Ductor
2662 3406 2814 3463 Joenufl'

947 3479 982 3519 C
980 3478 1218 3529 ocblaeus,
1241 3476 1376 3530 hujus
1398 3482 1555 3516 auctor
1576 3475 1811 3529 epistolae,
1836 3481 1906 3517 est
1927 3475 2023 3529 ine,
2042 3488 2178 3531 quem
2208 3475 2498 3532 POLANCUS,
2522 3476 2686 3522 chron.
2676 3506 2702 3527 .,
2718 3467 2811 3525 1‚91,j

944 3547 1023 3602 ait,
1048 3559 1073 3587 a
1094 3548 1130 3586 l
1132 3547 1242 3587 abro
1265 3544 1404 3586 sacris
1426 3544 1594 3597 Ignatii
1615 3556 1667 3585 cc
1673 3543 2076 3586 mmentationibus
2095 3545 2385 3597 excultum,
2372 3559 2419 3588 m
2447 3545 2615 3590 iisdem
2632 3560 2683 3589 ex
2747 3535 2792 3552 ’”

944 3616 1044 3657 aliis
1069 3613 1298 3656 tradendis
1319 3613 1572 3655 ferventem
1594 3626 1696 3654 cum
1720 3612 1877 3667 primis
1898 3626 1949 3655 se
1969 3612 2253 3658 exhibuisse.
2297 3611 2303 3617 ”

1028 3691 1043 3711 ²
1104 3682 1375 3726 Ambrosius
1403 3682 1695 3736 Catharinus,
1718 3681 1781 3724 0.
1811 3683 1859 3723 Ρ.
1872 3683 1990 3736 ,hoc
2018 3682 2178 3725 eodem
2200 3696 2337 3737 anno,
2360 3669 2436 3727 die
2470 3683 2730 3742 27‚Augusti
2749 3675 2811 3737 elfl-

941 3767 1107 3809 scopus
1129 3751 1364 3807 Rheginae
1389 3751 1576 3793 minoris
1602 3760 1784 3793 creatus
1807 3760 1893 3794 est.
1919 3752 2045 3793 Idem
2075 3759 2252 3807 postea,
2272 3766 2395 3796 anno
2428 3763 2558 3812 1549,
2580 3769 2636 3798 ex
2654 3747 2801 3798 eumad·

939 3823 1068 3866 sione
1090 3821 1333 3865 cardinalis
1354 3820 1412 3862 de
1438 3822 1605 3874 Monte,
1634 3822 1791 3863 Patres
1813 3821 2063 3872 Caluisium,
2096 3820 2246 3876 Jajum
2269 3827 2316 3863 et
2338 3822 2655 3869 Salmeronem
2682 3821 2815 3876 adgn-

938 3894 1043 3935 dum
1066 3892 1330 3934 doctoratus
1349 3890 1682 3946 promovendos
1702 3889 2004 3931 examinavit.
2033 3889 2149 3932 Vide
2173 3889 2305 3943 infra,
2328 3886 2602 3948 append.'n.
2629 3904 2692 3937 ιο.
