3788 4716
1210 401 1287 444 188
1868 404 2028 448 Emsr.
2060 403 2112 447 Ρ.
2143 382 2328 447 exorsi-1

1255 521 1746 574 Racommandiamo
1795 539 1826 574 a
1860 524 1927 574 V.
1958 524 2021 574 R.
2051 531 2104 575 et
2128 540 2160 574 a
2191 521 2316 574 tutti
2350 530 2537 588 questo
2570 535 2747 590 regno
2772 519 2890 574 nelli
2909 535 3062 571 ora*-

1153 609 1282 662 tioni
1306 610 1356 660 di
1384 611 1451 662 V.
1480 612 1543 662 R.
1573 619 1627 662 et
1651 611 1703 662 di
1737 612 1861 663 tutti
1885 612 1960 680 gli
1993 611 2128 674 altri,
2164 611 2310 664 accis)
2343 619 2530 677 queste
2553 609 2759 663 heresie
2794 620 3069 662 nmcte‘

1150 699 1337 750 schino
1363 699 1470 766 piu,
1514 718 1599 753 ma
1639 703 1739 754 che
1782 701 1903 753 tutti
1945 701 1993 752 ci
2034 701 2363 755 emendiamo
2398 708 2453 754 et
2495 699 2865 752 fortifichiamo
2899 696 3079 750 nella
3106 757 3118 769 ,

1150 797 1302 840 santa
1329 789 1445 844 fede
1469 788 1590 842 viua
1615 798 1670 842 et
1695 791 1974 843 catholica.

1255 879 1376 930 Non
1401 880 1534 930 altro
1558 897 1651 947 per
1675 880 1862 933 adesso
1885 880 2059 932 scriuo
2083 898 2113 932 a
2139 883 2206 933 V.
2236 882 2323 944 R.,
2353 880 2625 947 pregando
2643 879 2682 930 il
2698 879 2909 946 signore
2930 876 3086 930 Dio

1155 967 1204 1019 la
1229 967 1473 1020 conserui
1496 977 1550 1021 et
1575 970 1847 1037 augmenti
1873 971 1958 1023 nel
1980 986 2078 1021 suo
2103 978 2255 1021 santo
2279 968 2516 1022 seruitio.
2861 950 2868 959 ’

1263 1057 1331 1109 Di
1360 1057 1557 1126 Parigi,
1586 1058 1622 1109 il
1647 1059 1816 1126 primo
1841 1060 1894 1110 di
1920 1059 2111 1126 Luglio
2145 1060 2290 1125 1561.

1263 1148 1345 1198 De
1374 1148 1431 1198 V.
1461 1149 1523 1199 R.

1656 1240 1972 1291 PAscufflo
2011 1241 2224 1302 Baom,
2251 1238 2455 1306 figliolo
2480 1237 2772 1289 humilimo.

1263 1326 1563 1394 Inscripti&
1593 1327 1663 1379 Al
1704 1329 1866 1380 molto
1909 1329 2041 1380 Rdo.
2072 1328 2127 1380 in
2159 1329 2258 1382 X.
2297 1328 2484 1390 Padre‚
2513 1327 2551 1379 il
2576 1328 2636 1378 P.
2667 1329 2824 1380 Mtte.
2846 1324 3086 1396 jacobo

1164 1415 1391 1482 Laynez,
1425 1415 1690 1489 preppsito
1722 1418 1969 1484 generale
2000 1419 2136 1470 della
2161 1417 2492 1485 Compagnia
2524 1417 2577 1469 di
2607 1417 2778 1479 Gesu,
2812 1416 2865 1468 in
2899 1422 3077 1468 santa

1162 1503 1327 1556 Maria
1362 1502 1498 1558 della
1521 1506 1731 1569 strada,
1759 1506 1813 1557 in
1841 1509 2028 1560 Roma.

1265 1594 1448 1662 sigilli
1470 1597 1776 1663 testigium.

2074 1716 2150 1780 73

1646 1819 1891 1870 PATm
1931 1818 2253 1887 JAcosso
2293 1817 2575 1870 LAINIO

1746 1917 1963 1959 marsim,
1999 1917 2015 1949 1
2051 1916 2263 1950 Aueusu
2296 1906 2394 1960 1561
2431 1906 2469 1949 ¹.

1159 1994 1393 2037 Nonnulli
1414 1989 1654 2038 Societatisk
1672 1997 1933 2046 candidati,
1954 2001 2055 2039 tum
2085 2011 2140 2041 ex
2169 1997 2414 2046 Hibernia,
2444 2000 2544 2038 tum
2573 2008 2629 2038 ex
2654 1994 2834 2044 Gallia,
2855 1992 3030 2036 Rom

1241 2066 1424 2118 petunt.
1439 2065 1718 2108 -Edictum
1738 2067 1867 2122 regis
1891 2065 2079 2109 Galliae
2092 2069 2183 2122 pro
2198 2065 2429 2122 religione
2448 2066 2639 2108 tuenda.
2656 2086 2712 2097 —
2726 2065 2951 2108 Decretum
2962 2067 3033 2101 18-

1244 2136 1385 2175 natus
1398 2135 1679 2189 parisiensis
1692 2138 1783 2191 pro
1804 2135 2030 2178 Societate
2043 2138 2206 2179 contra
2222 2135 2428 2178 consules
2441 2137 2485 2177 el
2498 2135 2745 2178 canonicos
2757 2133 3038 2178 billum&-

1248 2201 1507 2245 —Litterae
1522 2206 1733 2258 patentes
1748 2219 1777 2246 a
1799 2219 1907 2262 rege
1928 2205 1978 2248 in
1991 2204 2213 2261 favorem
2236 2204 2479 2247 Societatis
2497 2204 2658 2247 datae.
2671 2226 2727 2235 —
2741 2198 3044 2259 &jasan-uap-

1238 2269 1457 2326 probatio
1476 2273 1540 2314 ad
1559 2272 1750 2315 comitia
1766 2273 2017 2329 generalia
2039 2273 2178 2329 regni
2204 2272 2541 2315 remittitur.-
2555 2269 2836 2315 Cardinales
2856 2260 3051 2314 comilii’
3124 2314 3127 2321 ,

1239 2341 1503 2396 praepositi
1520 2342 1665 2385 amici
1682 2346 1792 2384 sunt
1810 2342 2066 2385 Societatis.
2076 2339 2357 2383 —Calvinus
2376 2339 2565 2396 ejusque
2582 2339 2822 2383 asseclae
2802 2353 2851 2382 in
2869 2329 3057 2382 00ηᾶἷῦ

1245 2410 1590 2453 admittuntur.
1600 2412 2026 2455 -Insirumentum
2043 2409 2415 2467 confirmationis
2428 2423 2460 2451 a
2474 2409 2717 2452 cardinali
2733 2407 3060 2460 Salviatopro‘

1245 2479 1439 2521 missum
1466 2483 1751 2535 expectatur.
1767 2480 2114 2536 -Clayssonius
2142 2480 2358 2522 Turnone
2383 2479 2650 2522 valetudini
2679 2478 2907 2536 indulget.
2909 2462 3062 2515 —Ht‘

1244 2550 1465 2591 malensis
1484 2550 1721 2605 episcopus
1741 2550 1990 2606 collegium
2013 2548 2256 2593 societatis
2276 2549 2326 2591 in
2352 2561 2439 2590 sua
2462 2547 2657 2591 dioecesi
2674 2548 2842 2591 habere
2859 2536 3065 2600 exolue‘

1251 2618 1376 2660 -De
1396 2619 1591 2674 collegio
1610 2620 1892 2674 apamiensi.

2047 2730 2189 2802 Ih'us.

1280 2857 1387 2906 Pax
1414 2853 1517 2917 Xfi,
1547 2863 1650 2906 etc.

1277 2944 1440 2996 Molto
1466 2945 1596 2996 Rdo.
1628 2944 1682 2995 in
1709 2944 1807 2996 X.⁰
1829 2945 2019 2998 Padre.

1279 3033 1575 3085 Habbiamo
1601 3034 1842 3087 riceuute
1868 3035 1916 3087 le
1942 3035 2126 3086 lettere
2156 3033 2210 3084 di
2235 3035 2301 3085 V.
2343 3035 2401 3084 R.
2438 3033 2525 3086 del
2558 3045 2621 3096 27
2648 3032 2703 3083 di
2740 3029 2967 3100 Maggio,
2994 3026 3044 3080 el

1174 3123 1392 3177 insieme
1417 3140 1510 3189 per
1533 3123 1568 3173 il
1596 3125 1659 3175 P.
1691 3123 1879 3176 Pontio
1905 3124 1923 3149 ’
1950 3131 2004 3175 et
2030 3141 2121 3190 per
2148 3121 2250 3174 M.⁰
2276 3122 2496 3174 Nicolao
2522 3121 2737 3174 Lietard
2770 3123 2811 3184 ²,
2849 3121 2885 3173 il
2913 3116 3046 3186 quale

1174 3215 1203 3264 e
1230 3213 1391 3265 molto
1416 3214 1550 3265 bene
1574 3211 1811 3280 disposto
1836 3230 1929 3279 per
1954 3212 2126 3279 gratia
2149 3212 2234 3265 del
2259 3212 2473 3279 signore
2505 3210 2608 3263 Dio
2637 3210 2695 3261 di
2730 3221 3048 3278 perseuerare

1176 3302 1316 3353 nella
1340 3301 1694 3370 Compagnia‚
1721 3303 1985 3356 mediante
2010 3303 2108 3353 che
2134 3300 2400 3368 perseueri
2424 3300 2479 3352 in
2503 3300 2682 3366 quello
2707 3301 2859 3354 buon
2881 3313 3055 3368 propo·

1259 3466 1269 3490 ¹
1330 3467 1398 3509 Ex
1431 3437 1724 3523 autographo;
1763 3467 1809 3510 in
1843 3467 1999 3511 codice
2031 3467 2180 3522 Epist.
2205 3466 2363 3515 Fabri,
2389 3464 2500 3522 Jaji
2533 3468 2573 3508 et
2604 3465 2768 3514 Broet,
2807 3464 2948 3510 unico
2978 3462 3069 3516 fol..

1173 3549 1218 3578 n.
1246 3535 1341 3588 138,
1363 3534 1488 3591 prius
1507 3535 1604 3590 394.

1258 3612 1274 3636 ³
1335 3606 1648 3665 Coget-danus.

1260 3680 1277 3703 ³
1336 3678 1462 3721 Alias
1483 3675 1753 3720 Paredeusis
1773 3675 2040 3731 appellatus.
2065 3672 2182 3716 Vide
2202 3673 2438 3729 epistolam
2458 3671 2530 3714 68.
