3788 4716
1013 629 1095 684 324
1723 630 1886 673 Episr.
1920 630 1971 673 P.
2005 630 2105 685 ,μμ

954 748 1291 817 Compagnia
1317 729 1542 801 riceuria
1568 748 1924 816 grandissima
1948 757 2095 810 nota,
2122 765 2181 801 se
2215 748 2448 800 alcbuno
2473 749 2543 800 de
2575 746 2660 799 noi
2684 750 2919 799 aeder-

957 851 1099 892 tasse
1123 839 1418 906 vescouati,
1443 848 1497 891 et
1523 841 1625 892 che
1649 839 1786 891 seria
1811 837 2167 912 grandissimo
2191 837 2572 905 impedimento
2589 838 2667 892 del
2690 835 2915 891 εει-υἰ-

956 929 1029 981 tio
1060 929 1128 982 de
1164 928 1285 991 Dio,
1314 938 1368 982 et
1403 930 1490 982 del
1528 930 1713 992 frutt0,
1741 930 1898 995 quale
1936 929 1991 980 in
2027 928 2239 982 diuerse
2277 927 2551 996 prouincie
2586 946 2643 981 se
2674 929 2720 979 fa
2751 939 2901 993 fer

955 1035 1105 1070 mezo
1139 1019 1208 1071 de
1243 1020 1295 1070 la
1331 1018 1682 1086 Compagnia.
1713 1019 1957 1071 Dicendo
1994 1020 2228 1070 anchora
2264 1036 2297 1070 a
2333 1019 2391 1071 S.
2434 1017 2597 1082 Sria.‚
2631 1020 2719 1070 che
2772 1033 2893 1084 Fer

953 1108 1174 1176 gnient'e
1198 1125 1306 1159 non
1333 1108 1510 1160 vorrei
1536 1125 1715 1162 essere
1732 1125 1858 1161 cosa
1875 1111 1976 1161 che
1995 1110 2046 1161 la
2065 1108 2400 1176 Compagnia
2419 1107 2680 1162 riceuesse
2695 1109 2767 1162 de
2783 1110 2872 1162 tri-

953 1206 1153 1250 mento:
1183 1214 1248 1250 eo
1273 1198 1521 1263 maxime,
1551 1200 1655 1252 che
1680 1216 1840 1250 senza
1872 1216 2051 1252 essere
2082 1207 2294 1250 entrato
2324 1195 2379 1250 in
2410 1209 2601 1265 questa
2631 1199 2854 1266 Compa-

951 1287 1097 1353 gnia,
1134 1305 1240 1339 non
1273 1287 1344 1338 mi
1377 1290 1524 1341 fusse
1556 1287 1660 1340 mai
1696 1295 2000 1355 presentata
2034 1288 2140 1341 tale
2163 1287 2493 1352 conditione,
2521 1296 2578 1340 et
2601 1289 2699 1340 che
2719 1288 2838 1340 seria

950 1376 1303 1444 grandissima
1336 1377 1719 1445 ingratitudine
1748 1379 1801 1429 la
1833 1378 1957 1439 mia,
1984 1380 2085 1432 che
2121 1379 2369 1432 hauendo
2403 1396 2499 1445 per
2532 1395 2676 1431 mezo
2705 1379 2770 1431 de
2793 1378 2824 1428 la

949 1467 1287 1534 Compagnia
1319 1467 1467 1526 molti
1502 1467 1693 1530 fauori,
1721 1470 1822 1521 che
1854 1468 1921 1521 lei
1953 1485 2049 1537 per
2082 1466 2117 1518 il
2152 1467 2423 1519 contrario
2456 1484 2552 1535 per
2582 1484 2722 1520 mezo
2741 1466 2820 1517 mio

953 1573 1233 1611 receuesse
1260 1557 1474 1611 infamia
1499 1568 1553 1609 et
1579 1567 1705 1609 nota
1729 1558 1796 1609 de
1821 1557 2129 1611 ambitione.

1053 1647 1112 1700 Sl
1138 1649 1263 1711 che,
1292 1647 1601 1699 charissimo
1628 1648 1834 1700 fratello
1859 1647 1985 1713 mio,
2014 1647 2401 1701 infinitamente
2421 1665 2507 1700 me
2531 1645 2826 1700 rincrescela
2916 1643 2918 1649 ’

947 1736 1221 1800 instantia,
1250 1737 1408 1803 quale
1433 1738 1487 1789 fa
1518 1738 1566 1789 13
1595 1741 1794 1790 maesta
1818 1739 1905 1791 del
1931 1755 2008 1801 re,
2037 1738 2082 1789 si
2120 1755 2213 1805 per
2246 1738 2281 1789 il
2321 1737 2558 1805 pericolo
2581 1739 2646 1792 de
2677 1734 2850 1789 lamia.

947 1827 1143 1892 anima,
1171 1827 1218 1879 si
1245 1844 1338 1894 per
1364 1826 1584 1894 rispetto
1608 1829 1675 1880 de
1701 1829 1748 1879 la
1783 1827 2134 1895 Compagnia.
2169 1828 2239 1881 Di
2272 1830 2432 1880 modo
2466 1831 2568 1882 che
2601 1829 2845 1881 anchora»

947 1919 1048 1969 che
1073 1917 1126 1968 io
1153 1928 1316 1985 tenga
1340 1917 1547 1969 infinita
1571 1917 1898 1985 obligatione
1923 1919 1972 1969 al
1997 1917 2104 1970 mio
2128 1918 2264 1972 Rdo.
2287 1910 2358 1970 Ῥ.
2381 1918 2595 1985 Ignatio
2617 1927 2668 1971 et
2685 1934 2711 1969 a
2729 1922 2851 1967 tut-

949 2015 999 2057 ta
1027 2008 1077 2059 la
1101 2006 1454 2074 Compagnia,
1484 2008 1626 2060 forse
1649 2007 1787 2059 seria
1813 2009 2039 2059 mancho
2065 2008 2202 2061 male
2227 2025 2322 2075 per
2345 2008 2396 2059 13
2421 2008 2526 2060 mia
2543 2006 2859 2069 anima,che

950 2096 1052 2148 mai
1078 2097 1128 2148 la
1151 2098 1379 2150 hauesse
1403 2096 1772 2163 cognosciuta,
1801 2097 2045 2150 vedendo
2071 2097 2119 2149 le
2143 2114 2267 2149 cose
2291 2098 2491 2150 andare
2515 2097 2571 2149 in
2600 2107 2730 2150 tanto
2741 2110 2854 2163 pe*
2914 2106 2918 2132 ²

949 2187 1112 2238 ricolo
1139 2186 1264 2249 mi0‚
1292 2186 1332 2238 il·
1353 2188 1453 2238 che
1479 2203 1585 2238 non
1610 2187 1663 2238 vi
1688 2204 1846 2254 posso
1871 2187 2104 2240 scriuere
2128 2204 2287 2239 senza
2307 2188 2482 2254 grand
2507 2185 2758 2255 cordoglio
2772 2185 2854 2234 et

949 2277 1112 2328 molte
1139 2277 1433 2343 lachryme.
1464 2279 1522 2328 lo
1549 2294 1643 2343 per
1668 2276 1760 2339 mi,
1787 2278 1966 2343 quello
1991 2279 2090 2329 che
2115 2276 2168 2328 io
2195 2277 2379 2343 potero
2403 2279 2518 2329 sare
2540 2294 2692 2330 senza
2716 2288 2843 2343 ροσ-

947 2378 1068 2418 cato
1094 2366 1149 2417 in
1183 2367 1431 2420 resistere
1464 2385 1496 2419 a
1530 2368 1602 2418 tal
1635 2383 1779 2428 0350,
1815 2367 2017 2435 sapiate
2050 2383 2146 2433 per
2175 2374 2322 2418 certo
2353 2368 2456 2420 che
2487 2369 2541 2419 lo
2565 2370 2692 2429 faro,
2723 2378 2840 2434 pre·

946 2458 1125 2524 gando
1151 2458 1201 2509 la
1225 2458 1428 2509 charita
1455 2467 1652 2520 vostra,
1682 2457 1903 2509 insieme
1920 2474 2021 2509 con
2045 2456 2168 2509 tutti
2187 2456 2222 2507 li
2242 2456 2454 2521 fratelli,
2476 2460 2578 2512 che
2596 2458 2678 2512 del
2692 2461 2834 2509 canto
2877 2442 2884 2452 '

943 2559 1126 2599 vostro
1150 2556 1203 2599 et
1232 2565 1324 2613 per
1348 2547 1434 2599 via
1459 2550 1526 2599 de
1551 2547 1789 2600 oratione
1813 2556 1867 2600 et
1892 2564 1986 2614 per
2005 2546 2123 2600 altri
2144 2544 2295 2607 mezi,
2317 2547 2421 2599 che
2441 2547 2675 2600 adiutate
2691 2556 2820 2599 anon

945 2638 1160 2690 lassarci
1184 2634 1451 2690 incorrere
1476 2637 1531 2688 in
1552 2638 1622 2688 tal
1649 2637 2075 2691 inconueniente.

1053 2729 1091 2779 ll
1117 2727 1334 2795 signore
1361 2729 1478 2779 lessi
1511 2727 1728 2778 Christo
1761 2744 1791 2778 3
1825 2728 1946 2778 tutti
1980 2728 2028 2780 ci
2061 2731 2296 2782 conceda
2328 2729 2506 2796 gratia
2535 2730 2603 2782 de
2632 2730 2750 2780 bene
2772 2720 2811 2772 in

950 2819 1150 2885 meglio
1175 2833 1503 2884 cognoscere
1529 2826 1581 2867 et
1607 2817 1859 2882 exequire
1883 2818 1933 2870 la
1951 2835 2049 2870 sua
2068 2828 2253 2871 sancta
2272 2819 2509 2881 volonffl,
2533 2828 2587 2872 et
2611 2807 2806 2871 conserus

944 2926 1153 2974 sempre
1178 2909 1230 2958 13
1255 2906 1456 2958 charita
1484 2916 1664 2958 vostra
1689 2907 1814 2959 nelli
1839 2907 1956 2959 suoi
1981 2909 2106 2959 boni
2133 2918 2186 2961 et
2219 2908 2389 2960 sancti
2422 2907 2699 2977 desyderii,
2721 2912 2761 2959 et
2779 2897 2805 2949 li

942 2996 1235 3064 augmenti.

1046 3090 1129 3139 De
1155 3086 1394 3148 Triento,
1425 3070 1516 3138 alli'
1537 3102 1571 3149 4
1595 3088 1662 3137 de
1687 3086 2005 3159 Decembrio
2037 3089 2182 3153 1546.

1047 3180 1127 3230 De
1153 3185 1334 3227 vostra
1358 3175 1559 3228 charita
1587 3184 1726 3227 tutto
1752 3193 1850 3227 suo
1876 3177 1929 3227 in
1956 3177 2189 3239 Christ0‚

2291 3270 2575 3323 CLAumo.

1045 3341 1351 3423 luscrr'phb.
1381 3357 1450 3408 Al
1479 3355 1585 3407 mio
1613 3355 1923 3407 charissimo
1950 3359 2154 3411 fratello
2181 3359 2235 3409 in
2262 3357 2481 3411 Christo
2505 3360 2615 3412 don
2640 3356 2811 3412 Andrea

936 3447 988 3497 di
1011 3448 1052 3498 F
1055 3447 1182 3497 rusi.

1042 3537 1230 3603 sigilli
1253 3538 1559 3603 vestigium.
