3788 4716
1002 654 1086 697 500
1558 642 1608 687 P.
1643 643 1903 686 Romzmcn
1934 644 2259 687 Hominem-A

943 762 1094 814 vicos
1128 762 1437 828 plateasque
1475 760 1766 828 frigoribus
1805 761 2231 828 conglaciarent,
2267 771 2323 813 et
2357 734 2497 816 sanie
2535 759 2664 814 enecti
2682 774 2742 809 am·

942 869 1082 905 mam
1126 853 1194 905 de
1238 859 1395 902 nocte
1437 851 1777 914 exhalarent,
1823 851 1966 903 omni
2012 854 2248 904 humano
2288 851 2551 919 praesidio
2582 844 2742 903 destituti.

946 944 1116 995 Nemo
1142 939 1283 994 enim
1312 940 1519 992 illorum
1545 957 1726 993 curam
1760 942 2001 1008 gerebat,
2032 958 2189 994 nemo
2215 943 2336 994 illos
2367 941 2585 1010 hospitio
2609 936 2742 1004 excipit*

944 1035 1053 1094 bat,
1094 1048 1253 1084 nemo
1284 1030 1517 1096 denique
1545 1030 1939 1094 inueniebatur,
1978 1031 2069 1098 qui
2109 1031 2427 1084 miserorum
2470 1027 2745 1084 calamitatfuus

942 1129 1391 1173 commoneretur.
1428 1121 1573 1186 Ergo
1609 1128 1806 1187 patreS,
1854 1121 2063 1174 illorum
2106 1122 2474 1175 misericordia
2514 1118 2692 1190 permoti,
2716 1103 2772 1165 π’

941 1210 1303 1271 acerbissimo,
1340 1210 1517 1275 quoad
1561 1210 1676 1261 fieri
1721 1220 1917 1277 posset,
1963 1213 2104 1264 malo
2147 1221 2546 1274 succurrerent,
2583 1210 2636 1263 de
2660 1213 2745 1258 nocte

941 1301 1166 1353 afflictos
1198 1298 1440 1350 homines
1473 1298 1527 1350 in
1564 1300 1755 1366 plateis
1787 1300 2020 1354 iacentes
2051 1302 2387 1369 conquirere,
2424 1303 2620 1354 domum
2637 1296 2744 1366 perdu-
2774 1349 2777 1356 .

942 1408 1086 1453 cere,
1114 1406 1299 1442 eorum
1326 1389 1506 1441 lauare
1533 1389 1716 1455 pedeS,
1744 1390 1897 1457 panis
1924 1392 2201 1459 (quantum
2235 1402 2379 1445 esset
2411 1408 2542 1459 opus
2567 1392 2621 1443 ad
2642 1399 2741 1440 eorum

944 1480 1105 1532 vitam
1132 1479 1394 1543 alendam)
1420 1497 1451 1530 a
1477 1478 1576 1546 piis
1608 1479 1736 1532 viris
1760 1467 2063 1548 corrogare,
2093 1481 2238 1548 ligna
2264 1483 2334 1534 ad
2364 1481 2655 1534 excitandam
2674 1471 2742 1542 ipsis
2774 1511 2777 1529 .

946 1586 1147 1636 pyram,
1179 1569 1411 1630 foenum,
1441 1586 1548 1635 quo
1573 1570 1720 1620 humi
1748 1570 1801 1620 in
1829 1579 1996 1622 strato
2019 1570 2273 1633 iacerent,
2302 1571 2576 1640 diligenter
2601 1578 2739 1632 compot-

946 1671 1076 1720 tare‚
1106 1660 1320 1711 demum
1346 1660 1507 1710 rudes
1534 1660 1587 1710 in
1614 1660 1900 1712 christiana
1926 1661 2189 1723 doctrina,
2216 1671 2272 1714 et
2297 1662 2498 1729 aliquot
2521 1660 2616 1713 aliis
2631 1653 2739 1710 oratio»

946 1750 1123 1812 nibus,
1159 1766 1293 1815 quas
1324 1766 1446 1800 cum
1478 1749 1614 1802 scire
1652 1759 1979 1815 tenerentur,
2023 1768 2243 1819 prorsus
2286 1752 2607 1819 ignorabant,
2638 1741 2738 1798 sedulss

946 1840 1248 1890 informare.
1282 1841 1439 1890 Mane
1465 1850 1644 1892 autem
1671 1857 1928 1907 pauperes
1959 1841 2026 1893 ad
2059 1842 2249 1908 stipem
2283 1843 2572 1910 cogendam
2598 1831 2738 1904 egredie-

947 1931 1160 1992 bantur,
1188 1945 1481 1995 eorumque
1509 1946 1763 1981 numerus
1789 1930 1861 1981 ita
1892 1930 2177 1997 aliquando
2201 1932 2396 1995 creuit,
2425 1941 2480 1982 vt
2503 1932 2563 1984 ad
2584 1931 2739 1981 trecentffi

947 2018 1401 2085 quadrigentosue
1443 2020 1784 2082 accederent,
1825 2021 2126 2087 domusque
2165 2039 2263 2073 eos
2300 2022 2392 2074 vix
2435 2030 2594 2090 posset
2623 2026 2736 2082 capm-

950 2110 1099 2161 Haec
1144 2126 1229 2161 res
1273 2126 1467 2175 magna
1511 2111 1765 2175 populum
1814 2110 2163 2164 admiratione
2212 2112 2421 2174 affecit,
2473 2107 2738 2168 nonnullos«

950 2199 1247 2265 praeclaros
1282 2198 1442 2261 viros,
1472 2216 1647 2250 rerum
1675 2199 1912 2250 omnium
1939 2201 2268 2253 abundantia
2293 2190 2739 2256 circunfluentes‚im

949 2298 1003 2340 et
1028 2287 1323 2340 cardinales
1348 2289 1415 2339 ad
1442 2289 1610 2340 simile
1635 2288 1870 2340 studium
1896 2289 2259 2357 pietatemque
2290 2291 2556 2343 excitauit.
2587 2285 2739 2340 Dicebat

953 2395 1180 2444 namque
1213 2378 1304 2428 illi.
1347 2379 1585 2443 «Ecquid
1621 2397 1716 2429 nos
1748 2396 1853 2431 non
1892 2381 2055 2446 pudet
2098 2399 2129 2431 a
2173 2382 2498 2449 pauperibus
2534 2372 2738 2432 hominibus·

951 2469 1147 2533 quibus
1181 2486 1249 2520 ne
1281 2467 1434 2519 cibus
1471 2469 1684 2533 quidem
1724 2469 2055 2521 necessarius
2099 2472 2362 2538 suppetit,
2409 2472 2635 2524 illustrem
2656 2461 2739 2526 ,affl

952 2560 1087 2610 adeo
1114 2557 1435 2624 praeclaram
1463 2567 1517 2609 et
1542 2568 1778 2608 sanctam
1809 2576 1918 2611 rem
1945 2560 2079 2625 geri3
2110 2578 2140 2611 a
2165 2562 2323 2613 nobis
2350 2571 2540 2623 autem,
2568 2556 2741 2625 quim

955 2665 1070 2698 rum
1104 2647 1258 2713 copia
1293 2648 1670 2708 redundamus,
1707 2648 1877 2702 simile
1911 2648 2041 2700 nihil
2072 2650 2217 2717 agi?›>
2255 2654 2426 2705 Multa
2461 2668 2580 2719 ergo
2607 2634 2744 2699 hanc&

955 2754 1063 2788 rem
1099 2746 1286 2788 coacta
1321 2736 1562 2802 pecunia,
1599 2737 1758 2789 alium
1794 2737 1848 2788 in
1892 2740 2069 2790 locum
2098 2741 2428 2808 ‚ampliorem
2463 2735 2655 2793 translati
2679 2732 2742 2781 ΞΜ

956 2836 1163 2892 patrum
1190 2825 1465 2890 diligentia
1494 2827 1696 2892 inopes,
1728 2827 1814 2878 vbi
1848 2828 2005 2879 solito
2037 2830 2228 2882 melius
2255 2833 2617 2883 tractabantur.
2636 2813 2748 2876 Neciis

956 2928 1182 2980 tantum,
1211 2915 1299 2982 qui
1329 2933 1420 2981 per
1453 2916 1600 2966 vicos
1630 2926 1681 2966 et
1717 2916 1828 2968 vias
1855 2917 2120 2980 iacebant,
2151 2920 2236 2987 pia
2262 2930 2554 2973 nostrorum
2582 2911 2744 2969 hominm

953 3023 1082 3057 eura
1107 3005 1379 3067 subuenit;
1410 3007 1503 3056 sed
1530 3005 1630 3056 illis
1653 3006 1832 3068 etiam,
1862 3008 1952 3074 qui
1980 3025 2205 3061 numero
2235 3010 2449 3064 circiter
2470 3012 2568 3061 duo
2592 3004 2745 3058 millen·

955 3096 1045 3146 riis
1076 3095 1297 3162 dispersi
1332 3095 1572 3156 aedibus,
1610 3095 1663 3145 in
1701 3113 1935 3149 summas
1984 3099 2182 3150 redacti
2226 3110 2381 3152 erant
2422 3098 2663 3166 angustias·

956 3204 1080 3237 vero
1109 3186 1269 3238 Urbis
1296 3187 1703 3251 gubernatores,
1733 3187 2140 3254 com28portato
2167 3190 2453 3264 frumento,
2475 3188 2731 3244 sedulamov‘

956 3295 1064 3328 mm
1092 3285 1358 3327 nauarunt
1378 3274 1588 3326 ciuibus
1607 3277 1738 3340 suis,
1762 3295 1829 3329 ne
1848 3296 2091 3332 annonae
2116 3280 2340 3334 caritate
2360 3264 2699 3348 premerenturf

957 3384 1083 3416 vero
1112 3376 1260 3418 tanto
1299 3366 1533 3431 periculo
1561 3367 1766 3419 liberati
1801 3368 1851 3418 in
1886 3369 2158 3421 affluentia
2190 3380 2246 3423 et
2280 3370 2527 3425 frumenti
2556 3377 2597 3420 et
2620 3361 2663 3415 al'

960 3474 1132 3508 rerum
1162 3456 1314 3507 facile
1340 3464 1392 3504 et
1421 3455 1652 3508 iucunde
1679 3457 1942 3509 viuerent.

1061 3548 1363 3611 Antequam
1396 3548 1547 3606 haec,
1578 3563 1716 3611 quac
1748 3565 1909 3615 supra
1934 3560 1956 3575 ⁰
1987 3549 2165 3612 retuli,
2204 3552 2568 3620 contigissent,
2596 3538 2703 3603 dimi„

958 3647 1080 3687 runt
1105 3636 1233 3687 =socii
1267 3654 1297 3686 e
1330 3637 1594 3687 conducta
1628 3637 1714 3687 illa
1748 3639 1931 3701 domo,
1967 3640 2246 3694 locationis
2280 3651 2515 3711 tempore
2543 3619 2730 3709 peracffls

955 3726 1130 3782 aliam,
1161 3725 1213 3775 in
1241 3742 1365 3790 qua,
1395 3725 1482 3790 qui
1512 3726 1751 3778 habitare
1780 3728 1956 3792 vellet,
1986 3746 2143 3782 nemo
2167 3739 2302 3795 erat;
2338 3734 2506 3798 vulgo
2534 3724 2742 3790 enimlem!

1041 3936 1061 3952 υ
1118 3934 1156 3961 S.
1183 3933 1267 3961 ms.
