3788 4716
1904 631 2202 675 Pnoomnuu
2259 632 2267 650 ⁸
2332 645 2336 650 ·
2867 629 2952 684 413

1199 753 1304 803 Pro
1343 750 1463 817 ejus
1502 750 1808 803 valetudine
1850 765 1992 812 cum,
2029 750 2106 801 rei
2143 750 2358 803 diuinae
2395 749 2671 803 faciendae
2706 749 2899 818 gratia,
2937 750 3009 804 ad

1146 842 1275 892 ¹dem
1301 841 1359 893 S.
1391 839 1537 892 Petri
1561 840 1617 892 in
1632 831 1879 903 ,Ianiculo
1904 839 2103 892 tacitus
2128 848 2436 906 properaret
2460 840 2720 907 IgnatiuS,
2750 839 2925 892 medio
2950 841 3006 892 in

1144 938 1274 993 ›nte,
1296 930 1387 997 qui
1414 929 1552 983 sixti
1574 930 1788 992 dicitur,
1812 929 2030 982 intentis
2054 929 2110 980 in
2128 930 2335 982 caelum
2361 930 2531 982 oculis
2555 930 2703 983 velut
2728 947 2760 982 a
2783 939 3009 997 stupore

1141 1021 1299 1072 zfixus
1329 1029 1550 1087 repente
1589 1020 1846 1072 constitit.
1887 1021 2025 1071 Tum
2057 1021 2125 1071 ad
2157 1020 2406 1073 comitem
2442 1021 2734 1087 Baptistam
2773 1020 3007 1082 Violam‚

1139 1111 1461 1173 (eieramus,
1484 1109 1675 1176 inquit,
1699 1126 1796 1162 nos
1814 1111 2050 1161 domum:
2074 1109 2342 1162 Codurius
2366 1119 2549 1162 noster
2567 1110 2849 1163 decessit.»
2873 1109 3006 1161 Cre-

1136 1208 1264 1251 tum
1290 1200 1499 1268 Ignatio
1522 1199 1711 1264 visam,
1736 1208 1792 1252 ut
1818 1209 1974 1253 antea
1998 1190 2172 1262 Hozii,
2195 1200 2272 1251 sic
2297 1217 2442 1252 nunc
2463 1199 2681 1252 Codurii
2701 1199 2928 1252 animam
2951 1198 3009 1251 in

1135 1292 1303 1342 telum
1328 1291 1633 1342 intrantem.
1647 1310 1668 1337 »
1830 1282 1837 1289 ’

1201 1381 1364 1433 Plura
1388 1381 1457 1434 de
1474 1379 1711 1433 Codurio
1736 1380 2077 1434 continentur
2104 1380 2157 1431 in
2184 1397 2344 1447 opere
2370 1380 2604 1433 Simonis
2623 1379 2889 1433 Rodericii
2914 1397 3010 1432 su-

1130 1488 1189 1523 ra
1211 1472 1453 1535 laudam,
1481 1470 1573 1522 ubi
1597 1488 1684 1523 res
1707 1471 1777 1522 ab
1800 1469 1917 1537 ipso
1952 1469 2091 1522 inter
2124 1469 2403 1536 patavinos
2434 1479 2621 1538 gestae
2653 1469 2826 1522 fusius
2851 1485 3002 1522 enar·

1129 1570 1299 1612 uitur.
1329 1562 1444 1612 Nos
1466 1559 1593 1612 huic
1620 1559 1934 1628 praefationi
1969 1559 2131 1612 finem
2164 1559 2505 1626 imponimus,
2535 1569 2593 1612 ut
2620 1561 2687 1612 ad
2723 1559 2864 1611 illius
2889 1576 3011 1610 mo—

1130 1660 1353 1704 umenta
1382 1651 1607 1718 gradum
1645 1650 1921 1704 faciamus,
1958 1650 2186 1702 Codices
2219 1650 2273 1702 in
2302 1651 2403 1702 hac
2441 1650 2577 1703 serie
2609 1649 2855 1713 adhibiti,
2883 1666 3008 1702 cum

1126 1758 1177 1802 S,
1206 1758 1274 1793 ex
1296 1741 1495 1807 quibus
1517 1740 1770 1808 epistolas
1795 1740 1969 1809 Jaji.et
1988 1739 2256 1794 Rodericii
2280 1740 2694 1806 desumpsimuS,
2716 1741 2785 1792 ad
2809 1741 3012 1795 calcem

1125 1832 1261 1897 ujus
1284 1830 1569 1883 voluminis
1592 1830 1749 1882 simul
1775 1830 2026 1897 descripti
2053 1829 2400 1897 reperientur.
