3788 4716
1002 614 1083 669 344
1715 618 1876 659 Episr.
1913 617 1960 657 Ρ.
1994 617 2094 669 JAJr

1054 735 1219 786 Molto
1245 735 1378 786 Rdo.
1411 736 1584 786 Padre
1610 734 1661 785 in
1690 734 1921 786 Christo.

1053 825 1291 876 Essendo
1315 823 1534 875 arriuati
1559 824 1613 875 in
1640 826 1930 891 Ingolstatz
1956 826 1995 887 ²,
2019 826 2263 877 dessemo
2282 823 2437 875 auiso
2456 837 2494 874 a
2523 824 2597 874 V.
2631 824 2699 875 R.
2730 826 2787 875 P.
2807 823 2861 874 de
2927 835 2932 903 ἶ

946 914 995 964 la
1023 914 1185 965 molto
1228 915 1555 965 honoreuole
1598 925 1619 944 ²⁴
1663 914 1995 979 recoglianza
2021 916 2122 966 che
2153 913 2202 965 ci
2234 913 2352 967 fece
2378 914 2430 965 la
2461 912 2791 975 vniuersita,
2818 924 2861 989 et

942 1020 1100 1054 como
1148 1003 1196 1055 ci
1255 1005 1502 1056 haueano
1545 1005 1670 1056 dato
1707 1005 2084 1071 allogiarnento
2121 1003 2175 1055 in
2212 1019 2319 1054 vno
2350 1002 2407 1054 di
2452 1002 2549 1054 doi
2593 1002 2806 1070 collegii
2825 1002 2856 1065 ⁸,

943 1094 1101 1156 quale
1126 1111 1185 1145 se
1209 1094 1474 1144 domanda
1501 1094 1728 1160 collegio
1754 1094 1964 1147 vechiO.

1050 1182 1153 1234 Alli
1182 1183 1249 1234 26
1273 1184 1341 1236 de
1361 1185 1687 1244 Nouembr0‚
1717 1185 1821 1236 che
1849 1185 1904 1235 fu
1931 1184 2018 1235 alli
2053 1198 2110 1236 12
2132 1201 2164 1235 o
2190 1199 2249 1247 14
2268 1182 2425 1252 depoi
2455 1184 2510 1235 la
2533 1192 2725 1236 nostra
2747 1182 2861 1235 arri-

947 1280 1091 1334 uata,
1122 1273 1306 1326 misser
1343 1273 1521 1326 Pietro
1560 1273 1775 1326 Canisio
1812 1275 1934 1327 dete
1961 1274 2219 1341 principio
2251 1274 2354 1327 alle
2385 1290 2490 1325 sue
2526 1273 2767 1327 lectione
2793 1273 2862 1324 del

942 1371 1133 1425 quarto
1157 1362 1292 1413 libro
1318 1364 1384 1415 de
1411 1364 1459 1415 le
1486 1363 1770 1425 sententie,
1800 1374 1851 1415 et
1882 1365 1996 1417 fece
2022 1382 2126 1415 vna
2153 1365 2310 1427 bella,
2339 1365 2607 1431 elegante
2645 1373 2703 1415 et
2727 1363 2864 1415 docta

942 1450 1183 1503 oratione
1207 1452 1260 1504 in
1287 1453 1444 1506 laude
1470 1454 1535 1503 de
1561 1455 1610 1504 la
1637 1464 1819 1506 sancta
1855 1453 2142 1521 theologia,
2172 1454 2516 1506 exhortando
2541 1452 2624 1520 gli
2654 1452 2865 1505 auditori

945 1543 1048 1593 allo
1072 1543 1252 1594 studio
1274 1545 1327 1594 di
1362 1545 1556 1610 quella.
1601 1544 1694 1596 Lui
1729 1548 1865 1598 hehe
1900 1564 1969 1597 vn
1998 1546 2137 1599 bello
2169 1552 2224 1595 et
2256 1553 2470 1596 attento
2506 1544 2800 1601 auditorio,
2822 1553 2868 1596 et

948 1649 1038 1697 per
1064 1643 1267 1700 quanto
1292 1637 1362 1685 ho
1389 1635 1580 1694 inteso.¹
1607 1635 1853 1688 satisfece
1881 1637 2042 1687 molto
2068 1636 2206 1688 bene
2230 1643 2268 1686 ⁶.

1053 1723 1157 1774 Alli
1188 1738 1254 1792 29
1279 1724 1467 1776 misser
1492 1726 1596 1775 don
1620 1727 1846 1777 Alfonso
1874 1727 1988 1779 fece
2014 1726 2050 1776 il
2069 1743 2168 1777 suo
2188 1724 2453 1792 principio
2473 1726 2656 1777 molto
2673 1726 2811 1777 bello
2826 1734 2873 1777 et

946 1812 1107 1864 docto
1132 1830 1233 1865 con
1262 1815 1426 1865 molto
1457 1813 1478 1844 ‘¹
1523 1815 1884 1868 satisfactione
1921 1817 1988 1866 de
2032 1825 2172 1868 tutto
2198 1816 2250 1866 lo
2292 1814 2594 1878 auditorio,
2643 1816 2803 1882 quale
2824 1816 2872 1865 fu

947 1905 1239 1968 frequente.
1270 1905 1466 1970 Ωιι-«3110
1492 1904 1784 1957 mede-simo
1809 1906 2004 1971 giorno
2031 1922 2088 1957 se
2115 1904 2343 1971 partimo
2360 1906 2432 1956 de
2461 1905 2773 1973 ingolstatz
2793 1919 2874 1971 per

914 1993 1126 2044 -venire
1153 1992 1207 2043 in
1234 1994 1459 2059 Aystetz
1497 1995 1683 2046 basare
1709 1995 1756 2045 le
1793 1995 1931 2046 inani
1969 1996 2036 2048 de
2072 1994 2382 2062 monsignor
2419 1995 2588 2048 an0.
2629 1995 2688 2047 di
2712 2011 2829 2048 esso
2860 2002 2875 2023 ²

946 2084 1171 2149 Aystetz
1199 2086 1237 2144 ³,
1268 2085 1423 2149 quale
1458 2084 1503 2135 ci
1545 2086 1717 2135 hauea
1751 2086 2002 2136 mandato
2038 2101 2144 2135 vno
2177 2100 2328 2136 carro
2364 2103 2394 2136 a
2431 2095 2644 2150 questo
2682 2087 2873 2139 effettO.

1027 2257 1046 2275 «ι
1107 2244 1179 2284 Ita
1192 2243 1354 2297 sajus:
1373 2244 1452 2284 sed
1484 2244 1734 2294 Polaucus,
1756 2243 2001 2287 obliterato
2029 2244 2323 2297 honor-eume,
2343 2245 2549 2299 scripsit
2579 2246 2779 2301 grande.
2832 2266 2875 2277 -

949 2316 967 2343 Ι·
998 2312 1110 2355 Alia
1134 2326 1278 2354 ntanu
1294 2317 1399 2368 pos-t
1418 2315 1499 2354 lzoc
1522 2313 1731 2354 verbum:
1752 2314 1837 2355 che
1857 2314 1901 2356 vi
1918 2325 2044 2356 sono.
2108 2325 2182 2347 —c
2218 2314 2316 2356 Hoc
2335 2314 2466 2357 verb.
2486 2328 2520 2356 a
2543 2315 2765 2358 Polanco
2779 2314 2876 2357 obli-

946 2386 1154 2424 temtum
1166 2382 1290 2437 fuit.
1354 2384 1428 2415 ...ct
1463 2381 1554 2427 Sic.
1616 2396 1688 2415 -c
1724 2383 1820 2424 Hoc
1841 2383 1963 2424 verb.
1985 2397 2016 2423 a
2042 2383 2249 2426 Polam-o
2267 2383 2590 2427 obliteratum
2603 2385 2734 2442 fuit.

943 2516 1253 2572 transumptis,
1277 2531 1394 2572 quae
1415 2523 1545 2558 extra
1570 2518 1755 2558 Romaiu
1780 2517 2001 2559 mittenda
2029 2518 2104 2560 vel
2124 2530 2228 2560 cum
2256 2516 2467 2560 externis
2495 2518 2876 2562 communicanda

942 2594 1088 2640 erant,
1111 2585 1520 2641 supprimerentur.
1548 2585 1677 2628 Edita
1695 2586 1779 2628 fuit
1807 2601 1831 2628 a
1864 2587 2047 2641 Bonae,
2079 2586 2186 2630 stilo
2213 2599 2401 2642 prorsus
2433 2595 2641 2644 mutato,
2677 2590 2770 2632 loc.
2788 2589 2873 2638 cit.,
2930 2627 2932 2633 .

944 2670 1047 2710 pag.
1078 2654 1171 2706 163,
1196 2655 1316 2697 unde
1337 2656 1487 2710 aliqua
1519 2656 1744 2699 mutuavit
1780 2657 2200 2709 BRAUNSBERGER,
2230 2657 2317 2699 luc.
2354 2655 2458 2709 cit.,
2484 2657 2527 2709 Ι,
2564 2659 2672 2711 691.
2704 2658 2777 2702 Cf.
2799 2657 2896 2700 ΡΟ·-

945 2736 1161 2780 ι,ΑΝῦυΜ,
1191 2726 1385 2780 ΟΙινοη.,
1410 2727 1443 2779 l,
1466 2736 1562 2780 414.

1025 2801 1040 2822 ²
1106 2794 1351 2838 «Claudius
1388 2795 1506 2836 laius
1536 2795 1792 2846 Sabaudus‚
1818 2796 2080 2850 Alphonsus
2101 2794 2340 2837 Salmeron
2371 2794 2625 2850 Hispanus
2653 2803 2705 2839 et
2727 2796 2875 2839 Petrus

939 2866 1155 2907 «anisius
1178 2866 1333 2918 Belga,
1358 2878 1518 2906 omnes
1540 2873 1633 2906 tres
1661 2864 1906 2906 Societatis
1935 2863 2074 2906 IESV
2110 2865 2335 2906 Doctores
2357 2864 2599 2920 'theologi
2623 2864 2707 2909 die
2730 2864 2780 2909 13
2797 2864 2873 2907 No-

944 2935 1145 2977 vembris
1168 2933 1496 2987 lngolstadium
1519 2940 1781 2984 tenuerunt,
1807 2934 2006 2976 Henrico
2028 2933 2354 2977 Schweickero
2375 2933 2619 2981 Sereniss.
2646 2935 2793 2979 Ducis
2807 2934 2875 2977 Se·
2930 2984 2932 2999 Ι

941 3004 1137 3046 cretario
1158 3017 1239 3046 eos
1255 3004 1516 3046 comitante.
1544 3004 1805 3046 Coenarunt
1836 3017 1892 3044 eo
1913 3003 1987 3045 die
2009 3002 2055 3045 in
2089 3003 2288 3058 hospitio
2324 3002 2672 3061 Schoberiano‚
2710 3018 2764 3047 ac
2782 3015 2870 3047 cum

939 3073 1031 3115 illis
1053 3074 1220 3116 Rector
1243 3073 1281 3113 V
1287 3073 1569 3114 niuersitatis
1592 3074 1875 3114 Zoannettus
1897 3079 1943 3114 et
1963 3071 2249 3114 Professores
2269 3085 2446 3126 omnesg
2467 3085 2678 3129 quorum
2702 3072 2870 3117 nomine

941 3143 1170 3197 Georgius
1187 3141 1430 3186 Theander
1451 3141 1702 3183 orationem
1723 3142 2066 3194 gratulatoriam
2088 3141 2144 3182 ad
2166 3141 2267 3184 illos
2289 3141 2468 3186 habuit.
2495 3142 2767 3198 Respondit
2782 3153 2868 3184 mox

939 3215 1152 3257 (Yanisius
1176 3226 1254 3268 pro
1275 3229 1325 3254 se
1347 3213 1534 3268 suisque
1552 3213 1770 3262 Collegis.
1795 3212 1981 3268 egitque
1996 3212 2168 3266 gratias
2186 3225 2266 3267 pro
2286 3218 2378 3254 tam
2395 3213 2551 3256 amica
2565 3215 2870 3268 gratulatione
2927 3250 2932 3272 ·.

935 3292 985 3325 et
1010 3283 1295 3327 tractatione.
1324 3283 1432 3324 Post
1463 3284 1574 3323 haec
1609 3282 1840 3335 assignata
1877 3282 1988 3336 ipsis
2011 3282 2054 3324 in
2077 3280 2286 3335 Collegio
2321 3282 2473 3325 veteri
2511 3280 2868 3340 habitati03cibi
2926 3282 2933 3311 ¹

939 3362 1091 3394 autem
1113 3352 1183 3394 bis
1203 3352 1409 3407 quotidie
1432 3366 1487 3393 ex
1512 3363 1647 3402 nouo,
1671 3364 1752 3392 sen
1776 3351 2055 3404 1'2eorgiano‚
2079 3349 2288 3405 Collegio
2309 3350 2537 3394 submissi
2557 3360 2697 3396 sunt.
2723 3352 2806 3395 Die
2824 3350 2870 3393 26
2930 3348 2932 3399 ξ

945 3421 1216 3463 Nouembris
1240 3422 1477 3463 Salmeron
1502 3427 1548 3462 et
1584 3421 1814 3469 Canisius,
1852 3433 1961 3462 suae
1983 3421 2178 3476 quisque
2211 3412 2466 3473 Lectionis,
2497 3422 2764 3476 praemissa
2782 3433 2868 3465 ora·
2923 3471 2932 3480 .

939 3493 1076 3539 tione,
1103 3491 1392 3546 principium,
1415 3489 1537 3546 quod
1558 3489 1770 3539 dicimus,
1794 3491 1983 3531 solenne
2015 3489 2182 3539 fecere;
2205 3489 2284 3532 ille
2304 3487 2495 3545 quidem
2518 3489 2572 3533 iu·
2603 3492 2801 3535 Paulum
2819 3489 2868 3532 ad
2930 3489 2932 3538 J

944 3562 1186 3614 Romanos,
1209 3552 1348 3602 liic'in
1370 3568 1532 3616 quarto
1565 3559 1770 3613 Magistri
1810 3559 2169 3608 Sententiarum.
2207 3557 2348 3614 laius,
2367 3557 2448 3614 qui
2486 3559 2546 3602 ad
2570 3566 2766 3619 tempus
2783 3568 2870 3604 tnn-
2930 3548 2932 3552 ¹

941 3640 1051 3683 tuni,
1079 3638 1126 3672 vt
1147 3629 1324 3672 scilicet
1348 3630 1476 3671 initia
1506 3638 1629 3670 recte
1659 3629 2062 3683 constituerentur,
2089 3627 2256 3670 ceteris
2283 3626 2466 3670 duobus
2495 3627 2745 3673 adhibitus
2765 3637 2872 3684 ent,

942 3699 1210 3741 psius-rium
1249 3700 1422 3740 interea
1461 3698 1660 3754 profiteri
1696 3699 1892 3753 caepit„
1933 3699 2192 3751 MEDERER,
2229 3697 2440 3740 Annales
2480 3698 2873 3756 ingolstadiensis

941 3769 1231 3817 academiae,
1257 3770 1292 3820 1,
1317 3779 1413 3820 214.

1023 3840 1039 3860 ”·
1100 3838 1336 3880 Mauritius
1357 3837 1414 3878 de
1438 3839 1630 3882 llutten,
1652 3837 1965 3880 universitatis
1989 3836 2363 3892 ingolstadiensis
2383 3838 2722 3885 cancellarius.
2746 3839 2872 3882 Hunc

928 3908 1203 3963 episcopum
1226 3922 1329 3949 eum
1355 3909 1611 3949 Baltaasare
1639 3908 1946 3951 1··annemann.
1977 3906 2032 3950 Ο,
2061 3908 2129 3960 Ρ,,
2159 3907 2374 3964 episcopo
2405 3907 2641 3966 misiensi,
2670 3910 2718 3954 in
2743 3909 2872 3967 parti·
