3788 4716
1006 608 1092 664 698
1562 613 1616 655 P.
1646 613 1908 658 Romtmcn
1937 614 2262 660 Μοκωιεκτιι

966 757 969 762 ·
1058 731 1132 783 La
1161 730 1397 783 ‘tertiana
1420 743 1516 784 'me
1549 733 1705 795 dexo,
1738 750 1774 799 y
1806 732 1942 786 estoi
1979 730 2335 799 alleuantad03
2378 752 2494 789 mas
2531 738 2670 790 flaco
2711 739 2857 805 y·sin

952 836 1096 887 gana
1121 821 1190 872 de
1214 837 1415 874 comer.
1445 822 1680 874 Nuestro
1703 823 1914 876 Sennor
1937 824 2006 875 (Ῑέ
2028 828 2061 875 ἐι
2084 822 2106 854 ‘¹
2133 825 2201 875 V.
2234 826 2297 878 R.
2326 843 2389 877 su
2416 835 2576 878 santo
2599 843 2762 881 amor.

1056 912 1138 961 De
1165 911 1369 972 Padua,
1398 915 1430 962 a
1463 912 1524 962 16
1547 912 1614 963 de
1640 913 1799 978 Mayo
1832 913 1981 977 1561.

1060 1000 1267 1053 Seruus
1291 1008 1346 1051 et
1370 999 1511 1053 filius
1536 1000 1591 1052 in
1618 1003 1756 1068 Xpo.
1780 1004 1911 1071 Jesu
1937 1002 2154 1055 domino
2179 1011 2382 1067 nostrO,

2103 1095 2344 1146 Mes-mn
2379 1095 2589 1148 Sumu.

1055 1180 1362 1246 Inscriptio,
1393 1181 1428 1247 †
1456 1180 1527 1232 Al
1552 1182 1716 1233 molto
1741 1182 1858 1233 Rdo
1883 1181 1936 1233 in
1963 1181 2065 1235 Χ.ο
2093 1183 2285 1247 Padre,
2308 1183 2344 1234 il
2366 1185 2428 1235 P.
2460 1186 2624 1239 Mtr0.
2642 1187 2835 1255 Jacomo

949 1268 1207 1338 [Lainez],
1235 1270 1504 1337 preposito
1541 1272 1790 1338 generale
1822 1271 1960 1324 della
1992 1272 2328 1340 Compagnia
2357 1273 2412 1324 di
2445 1273 2631 1328 Giesh.
2669 1276 2826 1328 Roma.

1052 1359 1242 1427 sigilli
1266 1361 1573 1428 vestigium.
1937 1377 1940 1380 ’

1872 1503 1949 1565 77

1392 1604 1611 1655 PATRI
1646 1604 1689 1655 F
1693 1604 2060 1658 RANCISCO
2099 1604 2426 1658 BORGIAE

1555 1724 1744 1769 azam,
1767 1724 1791 1756 2
1818 1723 2065 1757 oc‘ronms
2088 1717 2194 1769 1562
2216 1715 2247 1760 ¹.

1114 1813 1369 1856 Rodericus
1401 1811 1617 1855 Genuam
1644 1811 1854 1855 advenit.
1878 1835 1931 1844 —
1950 1812 2008 1857 P.
2035 1810 2230 1868 Gaspar
2248 1814 2305 1855 de
2326 1814 2498 1858 Loarte
2522 1813 2685 1859 Genua

1628 1882 1939 1925 removendus
1959 1880 2167 1925 videtur.

1811 2057 1989 2123 Jesu'ss.

1050 2178 1180 2241 Muy
1206 2176 1341 2227 Rdo.
1373 2174 1426 2224 in
1452 2172 1668 2226 Christo
1702 2174 1892 2225 Padre.

1050 2266 1175 2333 Oge
1205 2275 1246 2328 ²³,
1273 2265 1306 2315 6
1341 2264 1490 2326 feria,
1521 2278 1550 2315 2
1589 2265 1795 2316 Otobre
1829 2264 2109 2330 lhegamos
2145 2268 2268 2329 aqui
2304 2280 2464 2315 sanos
2502 2282 2596 2331 per
2631 2265 2830 2334 gratiam

942 2355 1065 2407 Dei.
1097 2357 1341 2421 Despu&
1377 2371 1483 2421 que
1507 2354 1647 2421 llegt'ae
1671 2351 1693 2384 ¹²
1718 2370 1851 2420 supe
1875 2357 2029 2404 como
2053 2353 2102 2405 el
2135 2353 2307 2406 Padre
2344 2362 2525 2405 rector
2549 2356 2753 2418 Loarte,
2776 2372 2834 2407 en

942 2447 1101 2512 lugat
1125 2446 1191 2496 de
1217 2461 1483 2512 negocear
1507 2461 1571 2495 su
1595 2444 1700 2509 yda
1723 2443 1904 2508 daqui,
1927 2442 2365 2496 indirectamente
2388 2444 2611 2511 negoti6
2634 2462 2697 2497 su
2720 2462 2834 2512 que-

943 2536 1098 2588 dada.
1129 2536 1225 2587 Asi
1253 2538 1366 2586 mds
1391 2551 1542 2600 supe,
1571 2537 1724 2585 cdmo
1750 2532 1913 2583 micet
1941 2532 2110 2584 Paulo
2131 2532 2295 2584 Doria
2315 2533 2333 2557 ¹
2360 2550 2395 2599 y
2419 2533 2502 2584 los
2525 2535 2708 2587 demas
2732 2551 2836 2603 pro-

945 2633 1173 2677 tectores
1198 2641 1256 2676 se
1282 2624 1632 2675 acomodaran
1657 2639 1783 2688 muy
1808 2621 1930 2674 bien
1956 2621 2040 2674 sin
2063 2623 2132 2684 ἑ1,
2161 2622 2451 2674 dummodo
2477 2639 2582 2689 que
2607 2641 2666 2676 se
2690 2624 2762 2676 les
2782 2625 2840 2676 ἀεὶ

945 2731 1172 2781 persona
1198 2731 1303 2779 que
1328 2713 1621 2779 satishaga.

1047 2806 1115 2856 V.
1145 2805 1210 2856 R.
1252 2803 1397 2855 avise
1431 2803 1480 2854 el
1520 2803 1692 2855 Padre
1728 2802 1946 2868 general
1971 2803 1990 2828 ³
2026 2817 2130 2867 que
2164 2804 2304 2869 haga
2336 2803 2534 2868 loque
2573 2804 2842 2866 conuiene,

943 2911 1048 2959 que
1074 2894 1153 2944 las
1179 2909 1332 2944 cosas
1352 2894 1587 2944 andaran
1613 2909 1740 2958 muy
1766 2891 1911 2953 bien,
1933 2908 1967 2957 y
1994 2891 2159 2957 mejor
2184 2891 2267 2942 sin
2296 2892 2364 2942 ἑ1.
2395 2892 2442 2943 Y
2463 2893 2625 2958 aquel
2649 2910 2754 2959 que
2772 2894 2850 2945 dio

1025 3027 1047 3058 d
1106 3038 1131 3066 a
1152 3024 1208 3066 de}
1231 3027 1256 3066 ά
1277 3038 1362 3065 mS.
1424 3036 1499 3057 ——a
1530 3024 1620 3074 Sic,
1639 3027 1734 3078 pro
1755 3024 1876 3078 Hoy.
1934 3024 2013 3055 —b
2045 3021 2138 3072 Sic,
2153 3026 2245 3078 pro
2265 3023 2437 3076 llegue.
2467 3017 2473 3022 ”

1025 3137 1035 3160 ¹
1099 3137 1167 3177 Ex
1189 3136 1485 3190 autographo,
1504 3134 1550 3177 in
1571 3135 1728 3177 codice
1746 3135 1899 3190 Epist.
1918 3134 2095 3195 Bobad.
2117 3137 2162 3176 et
2178 3133 2369 3181 Roder.¹
2387 3133 2562 3189 duplici
2583 3134 2683 3190 fol„
2700 3150 2745 3179 n.
2765 3134 2854 3190 263,

939 3204 1064 3261 prius
1092 3217 1190 3258 409.
1214 3204 1411 3259 Quando
1431 3205 1546 3247 hanc
1575 3204 1815 3260 epistolam
1850 3202 2085 3259 scripserit
2118 3202 2406 3255 Rodericius,
2435 3203 2482 3245 in
2517 3203 2622 3259 ipso
2653 3204 2856 3260 ejusdem

939 3274 1071 3317 initio
1093 3275 1168 3317 ille
1191 3280 1401 3327 testatur,
1423 3274 1617 3326 scilicet,
1638 3284 1663 3316 2
1685 3273 1916 3328 Octobris,
1939 3271 2053 3315 feria
2072 3272 2153 3315 6.·.
2177 3273 2245 3314 Ex
2265 3270 2435 3328 quibus
2455 3278 2503 3314 et
2523 3286 2583 3315 ex
2606 3273 2857 3317 litterarum

938 3351 1210 3398 argumento
1231 3344 1471 3399 perspicue
1493 3350 1713 3399 apparent
1734 3349 1779 3384 et
1801 3344 1927 3385 locus
1958 3350 2004 3385 et
2025 3355 2188 3394 annus,
2209 3341 2379 3397 quibus
2406 3342 2519 3383 haec
2540 3343 2716 3398 scripta
2737 3351 2857 3399 sunt,

938 3412 1149 3467 Genuae,
1182 3412 1415 3465 videlicet,
1437 3426 1555 3454 anno
1581 3416 1703 3468 1562,
1727 3419 1773 3454 et
1794 3425 1884 3454 non
1910 3410 2032 3464 1563,
2054 3419 2186 3466 prout
2207 3424 2233 3453 a
2253 3418 2384 3465 tergo
2404 3410 2491 3452 alia
2513 3425 2681 3455 manus
2701 3426 2857 3468 perpe·

936 3495 1033 3523 ram
1055 3481 1255 3524 notavit.

1021 3555 1036 3577 ²
1097 3552 1165 3592 De
1188 3553 1271 3593 hoc
1294 3551 1482 3605 egregio
1499 3551 1613 3605 viro,
1638 3551 1882 3594 Societatis
1903 3550 2097 3603 fautore,
2121 3548 2302 3604 saepius
2322 3548 2496 3591 dietum
2518 3555 2593 3592 est
2614 3550 2664 3593 in
2684 3551 2860 3595 chroni-

935 3632 993 3662 co
1014 3621 1215 3662 Polanei.
2299 3634 2302 3638 ·

1021 3691 1037 3713 ⁵
1098 3689 1231 3731 Pater
1248 3690 1532 3745 praepositus
1551 3689 1799 3744 generalis,
1822 3690 2023 3744 Jacobus
2045 3688 2231 3738 Lainez‚
2253 3686 2461 3729 Tridenti
2478 3688 2567 3730 hoc
2589 3696 2799 3745 tempore
2814 3689 2859 3732 in

933 3756 1130 3798 concilio
1159 3759 1457 3799 oecumenico
1486 3759 1768 3799 versabatur.
1791 3756 1974 3811 Borgia,
1999 3755 2198 3798 vicarius
2225 3755 2454 3809 generalis
2483 3755 2646 3798 Italiae
2669 3762 2719 3799 et
2747 3755 2859 3799 Sici-

933 3825 1038 3877 liae,
1063 3826 1232 3868 Romae
1252 3826 1469 3880 degebat,
1493 3834 1538 3869 et
1559 3840 1719 3869 omnes
1741 3826 1836 3869 fere
1858 3825 2090 3868 Rodericii
2121 3825 2360 3880 epistolae,
2382 3823 2515 3866 annis
2541 3825 2648 3877 1562
2679 3833 2729 3867 et
2754 3823 2857 3879 1563

932 3893 1147 3950 scriptae,
1171 3895 1226 3936 ad
1248 3896 1460 3950 Boi-giam
1482 3896 1615 3938 datae
1636 3903 1759 3939 sunt.
