3788 4716
1002 606 1085 659 384
1713 608 1874 648 EplsT.
1908 605 1957 649 P.
1991 605 2097 659 JAJ1

1051 727 1206 791 Quae
1232 734 1397 791 quum
1422 725 1497 775 sta
1516 723 1641 788 sint,
1660 724 1813 775 valde
1837 723 2052 774 confido
2070 737 2334 773 summam
2361 731 2417 774 et
2441 729 2741 773 aeternam
2761 720 2886 771 illam

946 816 1277 881 majestatem
1303 816 1408 865 hoc
1435 830 1553 866 meo
1581 822 1693 863 tum
1720 812 1985 864 scribendi
2013 821 2126 863 tum
2153 810 2352 878 agendi
2378 810 2628 863 consilio
2649 809 2785 861 nihil
2813 812 2880 861 os·

947 906 1157 958 sensum
1178 903 1364 966 fuisse,
1389 912 1447 954 ut
1473 902 1695 970 proinde
1721 904 1840 954 Tua
1860 918 2073 968 quoque
2098 904 2157 954 P.
2184 903 2343 963 Rda.‚
2366 918 2521 967 quae
2547 900 2777 954 diuinae
2799 917 2881 950 vo-

946 995 1137 1046 luntati
1162 994 1411 1046 lubenter
1435 1010 1554 1046 sese
1579 993 1895 1055 conformat,
1924 1009 2031 1045 non
2068 1002 2256 1045 mento
2281 992 2460 1059 possit
2496 991 2591 1044 hie
2629 1008 2693 1042 se
2726 992 2876 1043 offen-

944 1101 1056 1136 sam
1082 1101 1113 1135 a
1139 1083 1293 1134 nobis
1317 1082 1594 1149 conqueri.
1623 1083 1785 1149 Quod
1810 1082 1855 1134 si
1882 1083 2016 1134 forte
2042 1082 2298 1150 magister
2317 1083 2577 1151 Jacobus
2617 1080 2875 1135 nonnullis

946 1173 1235 1225 obstrictus
1262 1174 1348 1226 uel
1374 1171 1643 1239 obligatus
1668 1182 1769 1234 est,
1799 1181 1860 1223 ut
1884 1172 1967 1224 ius
1993 1171 2047 1224 in
2082 1171 2229 1223 illum
2262 1171 2532 1234 habeant,
2565 1189 2685 1238 quo
2716 1171 2872 1222 minus.

946 1263 1193 1330 expedite
1218 1263 1385 1330 possit
1410 1263 1595 1315 relicto
1619 1264 1833 1314 saeculo
1857 1263 1925 1314 ad
1939 1263 2212 1314 Christum
2234 1261 2543 1329 perfectius
2564 1262 2864 1313 imitandum

947 1353 1295 1415 contendere,
1324 1352 1517 1404 viderit
1541 1352 1648 1416 ille,
1677 1369 1833 1418 quem
1860 1351 2162 1404 sanioribus
2192 1351 2353 1404 etiam
2391 1351 2650 1403 consiliis
2676 1368 2860 1409 eorum,

947 1442 1039 1510 qui
1076 1460 1186 1494 rem
1224 1459 1436 1495 omnem
1475 1442 1642 1509 ipsius
1680 1442 1855 1494 norint
1891 1442 2151 1503 exactiuS,
2191 1443 2351 1493 credo
2391 1443 2549 1493 haud
2590 1441 2854 1509 grauatim.

948 1549 1066 1585 esse
1091 1532 1404 1599 pariturum.
1437 1534 1604 1584 Porro
1630 1550 1696 1584 ne
1715 1533 1814 1584 sim
1835 1534 1938 1584 hoc
1959 1541 2199 1598 ternpore
2222 1531 2504 1598 prolixior,
2529 1533 2667 1585 alias
2688 1532 2851 1583 sortas-

949 1640 1006 1674 se
1032 1623 1368 1689 respondebo
1393 1622 1635 1689 pluribus
1658 1622 1800 1675 circa
1823 1640 1905 1685 ea,
1934 1639 2071 1689 quae
2096 1614 2250 1674 nobis
2267 1631 2498 1689 paterno
2517 1621 2736 1688 quidem
2754 1620 2845 1672 ani-

949 1729 1034 1764 mo
1060 1711 1294 1764 consulit
1320 1713 1601 1779 prudentia
1628 1723 1717 1763 tua
1743 1713 1809 1764 de
1835 1713 2038 1765 ratione
2063 1710 2384 1774 studiorum,
2416 1729 2585 1778 quam
2607 1712 2662 1763 in
2685 1721 2843 1763 sancto
2900 1720 2903 1731 ·

946 1801 1158 1853 silentio
1184 1802 1407 1855 studiosi
1434 1801 1601 1854 nostri
1627 1805 1816 1856 fratres
1840 1801 1993 1869 sequi
2018 1803 2265 1855 debeant.

1052 1893 1214 1957 Quod
1239 1892 1501 1958 reliquum
1527 1901 1628 1955 est,
1659 1910 1769 1944 non
1787 1892 2023 1945 desinam
2050 1910 2155 1959 ego
2179 1910 2284 1944 vna
2309 1909 2435 1944 cum
2467 1893 2608 1945 meis
2634 1892 2686 1944 in
2702 1889 2823 1944 Chri-

947 1992 1033 2031 sto
1061 1980 1332 2044 fratribuS,
1361 1983 1812 2048 quemadmodum
1839 1984 2097 2034 hactenus
2125 1982 2245 2044 feci,
2275 1983 2453 2035 colere
2486 1983 2648 2035 simul
2677 1991 2727 2035 et
2753 1980 2814 2032 ob-

948 2086 1164 2122 seruare
1189 2087 1399 2137 semper
1433 2072 1723 2122 admodum
1762 2072 1950 2123 Rdam.
1992 2072 2044 2122 in
2083 2071 2298 2124 Christo
2332 2074 2399 2126 P.
2438 2073 2635 2133 Tuam,
2662 2069 2811 2124 cuime

947 2160 1161 2211 demum
1190 2160 1485 2227 fratresque
1511 2178 1699 2213 omnes
1723 2178 1883 2228 quam
1908 2178 2122 2229 possum
2149 2160 2564 2229 diligentissime
2588 2171 2640 2216 et
2654 2158 2798 2213 officio-

947 2248 1155 2301 sissime
1181 2248 1234 2300 in
1257 2249 1473 2301 domino
1491 2253 1622 2318 Jesu
1660 2251 1873 2303 Christo
1910 2251 2243 2313 commend0‚
2273 2259 2326 2304 et
2364 2251 2636 2305 humiliter
2665 2251 2791 2303 ossum

945 2337 1161 2389 Gratias
1193 2338 1404 2392 interim
1438 2356 1541 2407 ago
1574 2340 1850 2404 maximas,
1878 2342 2020 2407 quod
2056 2340 2111 2392 in
2146 2340 2230 2393 his
2268 2350 2347 2393 tot
2386 2342 2653 2408 tantisque
2682 2336 2791 2390 mole·

944 2427 1079 2491 stiis,
1107 2445 1242 2494 quas
1266 2445 1361 2495 pro
1388 2429 1643 2496 religione
1668 2438 1720 2482 et
1752 2430 1977 2484 ecclesia
2012 2430 2214 2482 fortiter
2237 2431 2472 2483 sustinet
2500 2433 2560 2484 P.
2587 2431 2705 2493 Tua,
2723 2441 2787 2479 non

942 2518 1233 2585 dedignata
1274 2517 1345 2569 sit
1384 2520 1450 2571 ad
1483 2537 1580 2572 nos
1613 2519 1771 2572 etiam
1805 2520 2058 2583 scribere,
2093 2529 2148 2572 et
2183 2521 2350 2573 nostri
2385 2538 2487 2573 nos
2519 2520 2671 2574 officii
2695 2531 2786 2571 oom-

942 2624 1177 2660 monere.
1209 2608 1474 2660 Dominus
1492 2612 1652 2677 Jesus
1683 2626 1865 2676 pacem
1900 2610 2156 2663 ecclesiae
2186 2627 2317 2663 suae
2352 2610 2572 2675 tribuat,
2599 2620 2647 2663 et
2668 2620 2784 2662 veram

941 2696 1004 2789 in·
1030 2698 1185 2748 nobis
1221 2698 1537 2751 charitatem
1575 2708 1835 2765 perpetuo
1871 2709 2068 2766 augeat
2104 2701 2495 2766 confirmetque
2530 2702 2597 2753 ad
2631 2697 2784 2768 gloriam

939 2803 1109 2839 suam.

1048 2877 1306 2940 Viennae,
1338 2880 1384 2929 X
1416 2878 1538 2931 Maii
1568 2881 1640 2931 M.
1673 2881 1740 2930 D.
1774 2881 1879 2931 1⁴11.
1918 2882 2018 2941 De,
2049 2889 2151 2933 ete.

2293 2972 2577 3026 CLAomo.

1045 3061 1090 3108 A
1120 3063 1289 3124 tergo.
1322 3059 1490 3126 Copia
1510 3060 1576 3112 de
1604 3060 1652 3110 la
1679 3069 1917 3126 resposta
1935 3061 2036 3114 alle
2055 3062 2241 3113 lettere
2260 3062 2347 3114 del
2370 3063 2507 3114 Rdo.
2536 3063 2694 3115 Padre
2707 3074 2795 3111 eon·

941 3148 1162 3201 sussen-e.
