3788 4716
1023 647 1105 701 364
1737 649 1899 690 Emsr.
1933 648 1983 689 P.
2017 647 2118 701 μμ

963 768 1036 830 10,
1065 767 1102 817 il
1127 767 1283 833 quale
1310 784 1376 819 ne
1403 770 1545 819 rests.)
1572 767 1839 828 edificate,
1869 782 1970 833 pur
1987 781 2097 817 non
2121 782 2183 817 so
2207 782 2266 817 se
2284 767 2334 817 la
2349 765 2644 819 -vniuersitia
2671 767 2720 817 fu
2733 781 2822 817 con·

964 865 1133 909 tenta.
1172 857 1247 908 La
1284 858 1344 908 1³.
1384 858 1451 908 V.
1499 857 1616 907 sara
1651 864 1907 908 contenta
1939 855 2173 908 scrinei-e
2206 855 2295 906 alli
2329 856 2527 909 fratelli
2568 857 2620 906 la
2652 873 2733 906 sua
2760 872 2822 905 vo-

964 946 1108 996 ]οηῒό
1143 947 1200 996 “.

1072 1038 1144 1088 La
1169 1036 1450 1088 settimana
1477 1045 1686 1102 passata
1713 1035 1890 1087 set-issi
1919 1037 1966 1086 la
1993 1035 2097 1086 mia
2122 1036 2310 1088 lettera
2337 1035 2504 1088 latina
2522 1036 2592 1089 de
2615 1035 2650 1087 li
2667 1044 2825 1101 quanm

964 1126 1096 1199 {nesi
1122 1126 1337 1193 passati,
1371 1127 1418 1176 la
1445 1127 1601 1192 quale
1626 1143 1721 1192 per
1745 1126 1796 1177 la
1822 1125 1926 1177 mia
1951 1125 2283 1193 negligentia
2307 1134 2362 1178 et
2386 1125 2825 1194 dipochagineme-

963 1216 1244 1268 ritamente
1268 1219 1387 1269 sara
1411 1215 1684 1283 giudicata
1709 1233 1894 1283 magra
1919 1224 1973 1269 et
1998 1214 2180 1268 sterile
2209 1218 2266 1267 ⁸⁸.
2307 1216 2677 1269 Humilmente
2705 1229 2826 1283 pragu

963 1308 1011 1357 la
1041 1309 1103 1360 P.
1127 1308 1194 1358 V.
1227 1308 1291 1358 R.
1321 1323 1379 1357 se
1404 1305 1568 1373 degni
1597 1322 1822 1373 pregare
1848 1305 1883 1355 il
1908 1305 2124 1373 signore
2149 1307 2269 1359 Iesu
2294 1305 2518 1358 Christo
2543 1324 2638 1373 per
2660 1305 2738 1358 mi.

1070 1398 1147 1448 De
1176 1397 1402 1463 Agosta‚
1432 1395 1517 1446 alli
1553 1396 1612 1447 18
1639 1396 1706 1448 de
1732 1395 2056 1448 Settembrio
2089 1408 2238 1461 1550.

1069 1488 1147 1537 De
1174 1488 1241 1538 V.
1275 1488 1337 1537 R.
1371 1488 1411 1537 Ρ
1462 1485 1680 1536 minimo
1708 1484 1857 1552 figlio
1882 1493 1937 1536 et
1962 1484 2223 1539 seruitore
2248 1486 2303 1538 in
2329 1487 2572 1545 Christo,

2153 1577 2427 1629 cmumo
2443 1579 2601 1647 JA10.

1065 1665 1366 1734 Inscriptio:
1394 1666 1502 1716 All'
1532 1667 1694 1716 molto
1715 1667 1849 1717 Rdo.
1883 1667 2055 1719 Padre
2081 1666 2133 1716 in
2153 1665 2393 1728 Christo,
2419 1668 2499 1719 M.
2531 1668 2639 1718 don
2666 1663 2820 1734 lgnatio

953 1755 1024 1806 de
1052 1755 1272 1820 Loyola,
1298 1755 1565 1821 preposito
1590 1755 1657 1806 de
1681 1756 1730 1806 13
1753 1755 2088 1823 Compagnia
2105 1757 2172 1808 de
2190 1755 2382 1816 Giesfl,
2413 1756 2468 1808 in
2495 1766 2677 1809 sancta
2699 1752 2817 1808 Man't
2852 1734 2856 1781 ³

953 1844 1025 1895 de
1052 1846 1100 1895 la
1125 1845 1316 1897 Strada
1343 1844 1396 1895 in
1425 1847 1615 1898 Roma.

1061 1935 1246 2001 sigilli
1262 1935 1567 2002 vestigium.

1064 2026 1118 2074 10
1144 2040 1275 2076 sono
1300 2032 1465 2087 certo,
1495 2026 1598 2076 che
1622 2026 1671 2075 13
1706 2024 1998 2078 vniuersita
2029 2026 2096 2076 de
2130 2026 2392 2093 ingolstat
2424 2027 2498 2077 ha
2540 2026 2714 2078 scritto
2738 2022 2806 2074 ah

955 2114 1150 2166 santita
1175 2114 1259 2165 del
1285 2124 1471 2165 nostro
1496 2114 1730 2181 signore,
1762 2131 1854 2181 per
1885 2132 1969 2167 me
2005 2112 2115 2168 fare
2149 2124 2361 2168 tornare
2399 2133 2431 2167 a
2456 2117 2730 2183 ,Ingolstan
2751 2109 2801 2164 Si-

956 2204 1226 2256 milmente
1259 2204 1294 2254 il
1319 2205 1456 2255 duca
1482 2205 1549 2256 de
1578 2204 1802 2256 Bauiera
1828 2222 1895 2256 ne
1920 2205 2044 2258 dete
2069 2222 2176 2256 vno
2202 2191 2513 2258 memoriale
2546 2223 2579 2257 a
2612 2206 2660 2256 lo
2679 2204 2797 2270 signat

950 2296 1175 2345 doctore
1202 2294 1405 2347 Schoto
1436 2296 1492 2357 ¹⁰,
1523 2294 1638 2345 33ἰὸ
1664 2303 1854 2360 questo
1880 2295 1932 2345 in
1960 2312 2116 2347 nome
2142 2312 2243 2347 suo
2269 2295 2555 2349 ehiedesse
2579 2314 2608 2347 3
2630 2296 2675 2346 13
2695 2286 2794 2344 sanli-

954 2385 1005 2435 tii
1027 2385 1094 2436 de
1128 2394 1310 2435 nostro
1336 2383 1612 2451 [signore].

965 2526 971 2533 ,
1058 2476 1143 2527 Μ3
1169 2475 1449 2526 vorrianno
1469 2492 1560 2540 per
1587 2476 1776 2527 lettore
1802 2474 1855 2525 in
1877 2474 2164 2541 theologia.
2190 2476 2256 2527 V.
2278 2476 2341 2527 R.
2367 2493 2428 2527 sa
2447 2486 2506 2528 et
2523 2466 2786 2544 cognosoek

947 2564 1051 2615 mie
1078 2564 1252 2617 debile
1280 2564 1440 2625 forze,
1471 2564 1608 2614 oltra
1635 2567 1735 2616 che
1769 2582 1875 2616 non
1905 2564 1973 2614 mi
2009 2582 2133 2630 pare
2157 2582 2303 2618 esser
2329 2568 2569 2618 secondo
2601 2567 2648 2617 la
2676 2567 2794 2614 nostrl.

947 2654 1243 2706 vocatione.
1287 2655 1453 2705 Molto
1487 2672 1569 2706 me
1604 2655 1784 2704 hanno
1818 2653 2101 2706 sollicitato
2133 2662 2185 2707 et
2228 2653 2551 2717 sollicitan0‚
2586 2649 2744 2708 bench&
2760 2641 2795 2695 5¹·

949 2747 1017 2794 ho
1042 2745 1165 2795 data
1191 2744 1258 2794 da
1293 2743 1538 2795 intendre
1572 2744 1620 2795 13
1656 2752 1836 2794 nostra
1871 2743 2167 2805 vocatione,
2197 2753 2252 2795 et
2277 2762 2402 2810 pare
2430 2747 2534 2798 che
2557 2761 2646 2812 per
2665 2743 2794 2808 quw·

946 2834 1037 2899 pit'l
1065 2852 1195 2885 sono
1222 2832 1535 2884 desiderosi.

1030 2993 1060 3018 Η
1121 2993 1350 3047 Scriptum
1370 2993 1573 3047 profecto
1593 2992 1678 3034 fuit
1693 2992 1750 3033 ad
1768 2991 1948 3034 sodales
1966 2991 2354 3044 ingolstadienses
2370 2995 2558 3039 nomine
2571 2987 2781 3042 sanctifi-¹

939 3062 994 3103 tii
1016 3063 1044 3103 6
1069 3061 1337 3104 Decembris
1360 3072 1480 3115 1550:
1506 3071 1576 3102 «2.
1600 3062 1686 3103 Del
1710 3068 1930 3103 rettorato
1950 3068 1998 3103 et
2018 3067 2222 3104 accettar
2241 3062 2274 3105 li
2293 3061 2457 3107 denari
2477 3078 2560 3121 per
2578 3053 2783 3107 nondefi*

938 3130 1022 3172 dar
1046 3131 1077 3173 li
1097 3131 1200 3173 altri
1224 3130 1418 3184 vffitiali,
1442 3138 1488 3172 et
1511 3132 1654 3172 lassat
1674 3131 1715 3172 la
1739 3137 1867 3186 parte
1887 3144 1971 3173 sua
2001 3130 2048 3173 in
2072 3144 2204 3173 mano
2231 3130 2450 3177 d'alcuua
2473 3121 2784 3189 personnpuffl

942 3213 1023 3254 per
1046 3212 1184 3255 opere
1206 3199 1332 3255 pie...
1357 3199 1398 3240 8.
1422 3199 1520 3242 Che
1558 3200 1691 3241 Mtro.
1728 3199 1915 3242 Canisio
1942 3200 2009 3241 sia
2037 3205 2228 3254 restore,
2258 3207 2307 3243 et
2343 3201 2479 3245 Mtro.
2518 3201 2689 3245 Nicolao
2707 3188 2786 3240 Ιίἅ

941 3282 1200 3324 compagno
1221 3276 1269 3311 et
1289 3283 1380 3311 non
1400 3275 1679 3324 sottoposto.
1694 3284 1715 3309 υ
1738 3269 1942 3325 Regest.‚
1965 3269 2000 3324 Ι,
2022 3279 2146 3322 204τ.

1030 3341 1063 3364 ¹⁵
1122 3339 1249 3381 Haec
1273 3338 1453 3381 litterae
1473 3337 1832 3394 quadrimestres
1853 3337 2046 3393 periisse
2068 3337 2300 3381 videntur.

1031 3412 1063 3434 ’ὓ
1123 3408 1353 3451 Robertus
1384 3408 1639 3462 Wauchop,
1660 3406 1792 3462 cujus
1828 3407 2013 3462 saepius
2041 3406 2087 3449 in
2116 3408 2435 3463 superioribus
2457 3411 2660 3467 epistolis
2682 3400 2795 3451 men&

939 3478 1059 3519 facta
1085 3484 1169 3519 est.
