3788 4716
995 614 1078 658 302
1709 615 1871 657 Episr.
1905 614 1957 656 P.
1989 615 2090 670 ,μμ

938 733 993 784 in
1019 735 1207 785 Roma.
1238 731 1523 799 Allogiano
1547 732 1597 784 la
1621 749 1759 795 sera,
1787 742 1842 784 et
1866 732 1918 784 la
1943 725 2143 785 matina
2167 749 2226 785 se
2258 742 2485 800 parteno
2522 748 2621 799 per
2650 706 2831 784 cercare‘

942 823 991 873 la
1014 823 1095 873 lor
1119 821 1249 874 vita.

1047 914 1135 964 Ho
1161 921 1374 964 trouato
1400 911 1521 964 hozi
1547 911 1862 979 monsignor
1886 914 2039 965 Rm0.
2069 912 2137 965 de
2170 911 2395 965 Triento
2422 914 2448 987 *⁸
2483 911 2591 965 ben
2625 911 2804 979 disposta

940 1019 1097 1054 verso
1122 1003 1189 1054 de
1214 1002 1302 1053 mi.
1335 1002 1390 1053 Io
1414 999 1490 1068 gli
1516 1003 1585 1053 ho
1610 1002 1777 1064 detto,
1801 1018 1953 1054 como
1978 1019 2072 1069 per
2092 1001 2473 1055 commissione
2497 1002 2568 1055 de
2591 1002 2643 1053 la
2664 1000 2801 1053 santiti

939 1092 1031 1145 del
1057 1101 1237 1143 nostre
1263 1091 1484 1158 signore
1508 1108 1663 1158 spero
1690 1101 1869 1158 presto
1893 1091 2238 1145 arriueranno
2272 1090 2361 1143 doi
2397 1091 2679 1158 compagni
2702 1089 2796 1143 miei.

902 1224 909 1232 .
947 1182 1047 1234 Lui
1073 1199 1158 1234 me
1184 1183 1253 1232 ha
1278 1182 1591 1233 confirmata
1614 1182 1665 1231 la
1690 1180 1904 1233 licentia
1929 1182 1997 1233 de
2022 1182 2324 1233 confessare
2350 1190 2404 1235 et
2422 1180 2798 1232 aministraresn-

945 1271 1222 1334 eramenti,
1252 1280 1381 1334 etc.,
1410 1282 1464 1323 et
1489 1288 1573 1324 me
1599 1272 1670 1321 ha
1694 1271 1820 1322 dato
1845 1271 2113 1323 authorita
2135 1272 2203 1324 de
2234 1272 2364 1323 dare
2395 1273 2447 1323 la
2478 1270 2739 1323 medesima
2758 1268 2797 1319 li-

941 1361 1121 1414 centia
1147 1378 1178 1412 a
1204 1360 1292 1412 chi
1320 1360 1391 1411 mi
1418 1364 1603 1426 parera
1627 1360 1942 1428 expediente
1967 1362 2022 1411 in
2049 1361 2252 1412 honore
2276 1361 2344 1412 de
2369 1360 2494 1413 Dio.

1053 1453 1156 1503 Per
1181 1451 1485 1503 consultare
1509 1450 1559 1502 le
1584 1466 1710 1502 cose
1734 1451 1821 1503 del
1854 1467 2006 1502 sacro
2031 1449 2258 1502 concilio
2285 1452 2333 1503 el
2360 1468 2418 1503 se
2445 1453 2499 1503 fa
2523 1460 2604 1505 tre
2627 1447 2797 1503 sortede

942 1541 1383 1608 congregatione,
1408 1549 1462 1594 et
1486 1541 1662 1606 quello
1688 1540 1981 1592 medesimo
2008 1549 2171 1607 ponto
2196 1541 2300 1593 che
2325 1558 2384 1592 se
2409 1541 2650 1593 consulta
2670 1540 2716 1591 in
2733 1553 2798 1588 vna

942 1629 1384 1698 congregatione,
1422 1646 1480 1682 se
1513 1631 1756 1682 consulta
1781 1631 1921 1682 nelle
1946 1631 2096 1682 altre.
2139 1632 2215 1682 La
2252 1630 2421 1698 prima
2458 1639 2603 1684 sorte
2635 1631 2694 1682 de
2713 1643 2797 1680 con·

942 1720 1258 1787 gregatione
1283 1737 1341 1772 se
1367 1719 1573 1770 chiama
1598 1720 1644 1769 la
1682 1720 1951 1787 generale,
1987 1721 2126 1772 nella
2162 1721 2319 1786 quale
2346 1737 2454 1771 non
2489 1729 2639 1771 entra
2669 1720 2798 1770 alchu·

946 1827 1038 1871 n0,
1069 1827 1126 1862 se
1152 1810 1227 1861 lui
1255 1828 1361 1861 non
1388 1811 1456 1861 ha
1480 1819 1607 1860 voto
1632 1809 1928 1861 deffinitiuo
1964 1826 1997 1861 o
2034 1809 2354 1862 consultiuo:
2381 1810 2429 1862 si
2455 1811 2560 1862 che
2596 1809 2645 1861 in
2668 1813 2800 1875 questa

946 1899 1369 1967 congregatione
1395 1900 1643 1965 generale
1670 1916 1775 1950 non
1804 1911 1953 1952 entra
1979 1899 2022 1950 si
2049 1917 2154 1950 non
2181 1899 2457 1960 cardinali,
2480 1892 2800 1965 arehiepisoopi

949 1998 1003 2041 et
1027 1988 1279 2055 episcopi,
1303 1987 1448 2055 quali
1467 1991 1608 2040 hano
1630 1998 1755 2039 voto
1780 1987 2083 2052 diffinitiuo,
2112 1998 2166 2041 et
2190 1990 2225 2040 li
2253 1989 2586 2056 procuratori
2610 1988 2661 2039 di
2681 1983 2800 2038 cardi-

950 2077 1076 2139 nali,
1106 2078 1248 2143 quali
1274 2080 1452 2129 hanno
1477 2086 1603 2129 voto
1636 2077 1958 2142 consultiuo,
1987 2087 2041 2129 et
2065 2079 2101 2129 li
2128 2079 2365 2145 generali
2390 2080 2459 2132 de
2483 2078 2520 2129 li
2553 2077 2711 2129 ordini
2728 2070 2801 2126 etli

949 2167 1151 2229 abbati,
1181 2168 1216 2217 li
1243 2168 1383 2234 quali
1411 2170 1592 2219 hanno
1617 2177 1761 2219 voto,
1792 2170 1994 2220 Tamen
2022 2170 2071 2220 el
2103 2185 2161 2220 se
2197 2169 2386 2220 dubito
2424 2170 2498 2220 fin
2536 2170 2707 2220 alhora
2724 2149 2823 2232 pre-⁴
2849 2188 2862 2241 -Ι

950 2251 1103 2309 sente
1129 2260 1391 2309 vtrunche
1417 2256 1439 2287 b
1466 2258 1501 2308 il
1526 2266 1653 2308 voto
1676 2257 1729 2308 di
1756 2260 1994 2323 generali
2020 2269 2075 2309 et
2100 2259 2167 2311 de
2192 2258 2228 2308 li
2254 2258 2435 2310 abbati
2467 2260 2547 2310 sia
2578 2253 2805 2309 diffinitiuo
2860 2243 2862 2267 ¹

953 2365 986 2397 o
1018 2347 1343 2409 consultiuo,
1372 2347 1408 2398 il
1442 2349 1545 2398 che
1570 2365 1678 2398 non
1711 2364 1768 2399 se
1803 2348 1890 2398 vol
1925 2348 2196 2414 disputare
2230 2349 2335 2400 allo
2363 2357 2631 2415 presente;
2667 2341 2809 2398 nontli-

952 2448 1111 2490 meno
1136 2438 1249 2488 loro
1274 2439 1452 2489 hanno
1477 2437 1689 2489 licentia
1709 2439 1776 2491 de
1801 2438 1914 2491 dire
1934 2437 1969 2488 il
1989 2456 2088 2491 suo
2107 2455 2291 2505 parere
2312 2439 2451 2489 nella
2466 2439 2615 2490 detta
2633 2451 2814 2504 congre-

949 2527 1186 2592 gatione.

1055 2617 1116 2669 Li
1142 2617 1413 2678 cardinali,
1444 2617 1584 2682 quali
1611 2634 1668 2668 se
1695 2627 1921 2668 trouano
1952 2617 2006 2668 in
2032 2627 2219 2684 questa
2244 2619 2691 2685 congregatione,
2725 2631 2825 2669 sono

950 2707 1165 2773 cinque,
1195 2707 1310 2758 cioe
1336 2708 1372 2758 li
1400 2716 1478 2758 tre
1504 2708 1667 2774 legati
1693 2707 1745 2758 e't
1773 2708 2083 2774 monsignor
2109 2710 2259 2759 Rm0.
2290 2708 2357 2759 de
2385 2708 2611 2762 Triento
2636 2718 2689 2761 et
2713 2723 2833 2759 mon-

949 2796 1131 2863 signor
1160 2800 1309 2873 Rm0.
1344 2796 1629 2850 Paziecho,
1660 2798 1719 2849 Li
1746 2797 2131 2864 archiepiscopi
2158 2806 2212 2849 et
2237 2797 2473 2864 episcopi
2494 2816 2632 2852 sono
2651 2817 2682 2851 a
2699 2798 2845 2851 cierca

949 2888 1018 2938 de
1044 2896 1218 2938 trenta
1245 2898 1434 2952 quatro
1461 2904 1492 2937 o
1519 2896 1692 2938 trenta
1718 2888 1929 2953 cinque.

1058 2979 1119 3029 Li
1145 2977 1382 3044 generali
1410 2995 1542 3029 sono
1569 2978 1763 3043 questi:

1059 3068 1096 3117 Il
1122 3068 1372 3133 generale
1398 3068 1485 3119 de'
1516 3067 1634 3117 frati
1660 3068 1728 3120 de
1754 3078 1940 3119 sancto
1969 3070 2266 3120 Francesco
2291 3070 2667 3124 conuentuali.

1058 3158 1095 3208 Il
1122 3158 1375 3223 generale
1400 3158 1484 3207 de’
1516 3157 1636 3208 frati
1662 3159 1728 3209 de
1755 3166 1942 3208 sancto
1970 3159 2010 3208 F
2015 3175 2268 3210 rancesco
2293 3160 2618 3212 osseruanti.

1055 3248 1094 3297 11
1121 3249 1370 3313 generale
1397 3248 1463 3299 de
1489 3256 1674 3298 sancto
1702 3247 2030 3313 Augustino.
2207 3244 2214 3248 ’

1059 3338 1095 3387 Il
1123 3338 1374 3402 generale
1400 3338 1466 3388 de
1495 3338 1527 3387 li
1555 3338 1716 3388 serui.

1059 3427 1096 3476 Il
1123 3429 1372 3489 generale
1398 3429 1481 3477 cle’
1512 3427 1858 3479 carmelitani.

1058 3517 1095 3566 11
1122 3517 1371 3578 generale
1397 3518 1464 3567 de
1492 3527 1676 3567 sancto
1706 3517 1997 3568 Dominico.

1059 3607 1395 3657 Procuratori
1424 3606 1541 3657 altri
1583 3623 1688 3656 non
1721 3616 1962 3667 entranO,
2002 3609 2151 3658 saluo
2188 3608 2219 3658 il
2254 3609 2359 3660 mio
2393 3612 2635 3679 collega,
2674 3632 2710 3666 o
2751 3616 2804 3667 io
2833 3616 2863 3667 i1

1037 3767 1056 3796 Ι·
1118 3764 1209 3814 Sic,
1226 3769 1317 3820 pro
1340 3771 1506 3807 utrum.

1037 3889 1053 3912 ³³
1112 3887 1466 3943 Christophorus
1489 3887 1738 3930 Madrutius
1759 3888 2025 3941 (Madruzzi,
2049 3890 2312 3944 Madrucci).
