3788 4716
1020 614 1103 659 382
1735 613 1897 655 Episr.
1930 612 1981 653 P.
2015 612 2115 666 ,μμ

960 751 1070 800 que
1096 734 1411 800 scripseram
1445 750 1569 800 eg0,
1599 732 1907 799 praesertim
1947 740 2007 781 ut
2044 730 2279 797 acceptis
2311 730 2551 797 ipsorum
2587 729 2726 782 literis
2747 746 2805 797 pro

964 841 1085 875 meo
1109 823 1284 875 officio
1311 824 1707 891 responderem.

1069 914 1230 980 Quod
1257 922 1435 967 autem
1462 914 1531 965 ad
1555 912 1852 980 Georgium
1881 912 2090 975 attinet,
2121 911 2271 963 nouit
2304 910 2628 963 clarissimus
2656 919 2703 964 et
2725 908 2808 961 utri-

960 1020 1069 1069 que
1093 1013 1337 1055 nostrum
1361 1002 1706 1055 charissimus
1730 1002 1870 1054 idem
1896 1002 2146 1053 dominus
2170 1002 2358 1053 doctor
2392 1001 2570 1054 Olane
2599 1017 2733 1067 quam
2753 1016 2808 1051 ac·

960 1102 1149 1146 curate
1173 1109 1397 1159 puerum
1424 1093 1573 1144 illum
1600 1091 2056 1144 commendauerit
2081 1090 2233 1154 mihi,
2256 1093 2502 1157 adeoque
2527 1100 2689 1143 totum
2709 1090 2809 1141 obtu-

960 1183 1079 1234 lerit
1102 1192 1316 1235 nostrae
1336 1182 1612 1236 Societati.
1636 1181 1923 1235 Consensit
1949 1191 2002 1235 et
2028 1199 2178 1249 puer,
2202 1192 2423 1249 paratus
2449 1181 2610 1234 etiam
2627 1179 2809 1246 Thilinga

963 1290 1171 1323 mecum
1199 1271 1463 1324 Viennam
1490 1272 1784 1334 discedere3
1814 1273 1907 1325 sed
1942 1272 2129 1323 morbo
2160 1271 2340 1322 adhud
2378 1271 2599 1333 fractuS,
2625 1272 2713 1322 hac
2734 1270 2809 1334 lege

959 1362 1253 1429 ‘fhilingae
1290 1361 1503 1424 mansit,
1545 1370 1605 1412 ut
1642 1361 1686 1412 si
1729 1361 2035 1428 persisteret
2072 1360 2124 1411 in
2163 1362 2348 1414 eadem
2392 1360 2557 1412 animi
2592 1357 2808 1415 sententia,

960 1451 1072 1503 suis
1106 1469 1191 1503 me
1223 1451 1413 1506 litteris
1452 1452 1696 1505 redderet
1733 1451 2035 1504 certiorem.
2066 1449 2221 1503 Multi
2254 1450 2450 1503 deinde
2484 1466 2688 1503 menses
2714 1447 2809 1499 abie-

960 1551 1105 1603 runt,
1146 1542 1289 1607 quod
1331 1541 1463 1592 nihil
1496 1543 1563 1593 ad
1597 1558 1682 1593 me
1714 1541 2004 1608 scripserit,
2045 1557 2144 1593 nec
2176 1541 2242 1591 ad
2275 1540 2425 1591 illum
2469 1557 2576 1608 ego
2606 1540 2808 1591 literarum

953 1632 1248 1698 quicquam
1270 1630 1520 1683 miserim.
1539 1632 1779 1684 Tandem
1799 1631 1851 1682 in
1872 1631 2172 1698 postremiS,
2196 1647 2329 1696 quas
2353 1631 2422 1682 ad
2444 1648 2530 1684 me
2547 1628 2699 1691 dedit,
2716 1627 2808 1695 prio-

959 1739 1071 1774 rem
1107 1721 1268 1773 animi
1301 1721 1382 1773 sui
1417 1722 1750 1773 voluntatem
1785 1720 1974 1788 repetit
2005 1705 2166 1788 ¹atque
2198 1720 2499 1781 confirmat,
2540 1737 2680 1788 spem
2705 1715 2808 1769 nobis

958 1811 1180 1874 faciem,
1208 1819 1266 1861 vt
1290 1819 1344 1862 et
1369 1809 1570 1862 domini
1602 1810 1685 1862 sui
1709 1810 1942 1862 doctoris
1966 1811 2142 1862 Olaue
2167 1818 2221 1862 et
2254 1826 2404 1863 meae
2436 1808 2596 1861 simul
2624 1815 2808 1875 expecta-

956 1900 1088 1952 tioni
1115 1900 1420 1953 satisfaciat.
1455 1903 1655 1966 ltaque,
1685 1899 1823 1952 sicut
1858 1903 2160 1953 merebatur
2191 1900 2311 1967 pius
2336 1899 2569 1962 animuS,
2596 1892 2807 1965 scripsiad

961 1991 1107 2041 illum
1133 1991 1351 2056 aliquid,
1382 2009 1467 2052 ne,
1496 1991 1542 2041 si
1567 2001 1818 2052 tacerem,
1840 1990 2107 2041 contemni
2128 2008 2186 2043 se
2204 1991 2446 2052 duceret,
2470 2000 2565 2041 aut
2589 1987 2806 2055 negligen-

949 2082 1084 2132 dum
1109 2100 1169 2134 se
1195 2082 1404 2133 timeret
1429 2098 1460 2132 a
1487 2081 1684 2132 nostris
1709 2090 1987 2147 postquam
2015 2082 2121 2132 huc
2147 2083 2420 2147 profectus
2445 2080 2711 2132 nobiscum
2735 2075 2806 2127 uel-
2867 2132 2870 2136 ,

955 2170 1029 2220 let
1055 2172 1270 2238 degere3
1299 2171 1394 2224 sed
1421 2170 1580 2221 nullis
1605 2170 1720 2222 aliis
1744 2170 2206 2222 sollicitationibus
2231 2170 2299 2221 ad
2320 2168 2693 2236 profectionem
2707 2167 2805 2217 illum
2867 2176 2870 2188 ·

956 2260 1161 2327 impuli,
1193 2262 1293 2311 hoc
1319 2269 1527 2312 tantum
1551 2262 1830 2312 declarans
1854 2259 2088 2311 officium
2115 2259 2169 2311 in
2193 2258 2481 2312 scribendo
2506 2276 2695 2319 meum,
2710 2251 2805 2322 quod
2867 2276 2870 2326 j

955 2366 1061 2399 non
1080 2348 1179 2416 ipsi
1202 2358 1408 2401 tantum
1428 2349 1770 2410 adolescenti,
1795 2349 1890 2400 sed
1906 2348 2068 2400 etiam
2093 2348 2261 2414 ipsius
2279 2347 2499 2400 domino
2514 2346 2705 2400 doctori
2719 2343 2805 2396 Ola-
2866 2356 2870 2420 j

955 2455 1021 2489 ue
1047 2438 1101 2489 in
1128 2437 1344 2489 Christo
1363 2439 1643 2491 debebam.
2117 2500 2121 2504 ¹

1058 2529 1129 2579 Vt
1154 2528 1256 2579 iam
1283 2527 1523 2595 magistri
1550 2528 1736 2596 Jacobi
1763 2528 2046 2597 negocium
2085 2527 2365 2594 explicem,
2395 2529 2624 2594 primum
2654 2527 2720 2578 sic
2743 2524 2805 2572 ha·
2867 2509 2870 2521 ¹

953 2619 1076 2671 beat
1104 2617 1263 2670 uelim
1291 2620 1356 2669 R.
1389 2619 1450 2667 P.
1482 2619 1619 2682 Tua,
1649 2636 1733 2670 me
1766 2617 1978 2683 quidem
2004 2617 2078 2671 illi
2104 2617 2273 2669 modis
2305 2617 2558 2670 omnibus
2588 2617 2640 2668 id
2670 2627 2803 2667 suasu-

951 2724 1066 2758 rum
1094 2707 1279 2768 fuisse,
1308 2720 1384 2769 vt,
1414 2707 1457 2758 si
1484 2708 1756 2759 statuisset
1789 2708 1843 2758 in
1868 2707 2126 2760 saeculari
2153 2707 2293 2758 vitae
2325 2723 2527 2774 genere
2557 2716 2803 2774 perseuera-

951 2815 1032 2859 re,
1071 2814 1178 2849 non
1217 2807 1447 2850 mutaret
1484 2800 1620 2849 hanc
1659 2797 1914 2864 optimam
1958 2808 2010 2850 et
2048 2797 2478 2851 honestissimam
2512 2794 2801 2864 disciplinam,

944 2905 1055 2957 qua
1080 2888 1181 2938 sub
1214 2889 1277 2938 R.
1312 2891 1372 2938 Ρ.
1404 2889 1521 2939 Tua
1547 2888 1624 2938 uti
1651 2897 1704 2938 et
1739 2888 1978 2940 adiuuari
2004 2897 2200 2954 potest,
2231 2897 2288 2938 ut
2331 2905 2450 2939 meo
2481 2888 2686 2954 quidem
2713 2878 2805 2935 iudi-

947 2977 1033 3027 cio
1059 2994 1322 3043 nusquam
1348 2977 1471 3029 alibi
1500 2979 1586 3031 uel
1607 2976 1803 3029 rectius
1829 2979 1915 3029 uel
1935 2978 2268 3029 commodius
2288 2977 2341 3029 in
2361 2976 2667 3031 Germania.
2689 2971 2808 3027 Dein-

942 3069 1013 3118 de
1039 3067 1082 3118 si
1111 3069 1216 3119 ulla
1241 3085 1307 3119 ex
1333 3077 1482 3135 parte
1502 3067 1876 3134 cognouissem
1905 3069 1989 3119 uel
2017 3067 2495 3134 praeclarissimum
2529 3067 2637 3119 diui
2666 3060 2806 3117 Domi·

950 3157 1073 3220 nici,
1100 3158 1182 3208 uel
1210 3157 1371 3209 alium
1398 3157 1643 3223 quemuis
1670 3158 2019 3223 approbatum
2045 3157 2282 3210 ordinem
2316 3157 2491 3211 eidem
2520 3157 2714 3226 Jacobo
2732 3151 2811 3220 pla·

939 3263 1067 3299 cere
1089 3246 1260 3314 magis
1284 3264 1442 3312 quam
1469 3258 1731 3310 nostrum,
1762 3256 1904 3298 certe
1938 3264 2046 3298 non
2082 3246 2417 3300 obmisissem
2452 3246 2595 3300 illius
2625 3245 2811 3298 animum

941 3355 1014 3388 eo
1041 3337 1281 3398 incitare,
1312 3354 1418 3402 quo
1442 3336 1660 3387 diuinus
1688 3338 1920 3389 traheret
1944 3336 2180 3402 spiritus.
2204 3339 2323 3404 Jam
2358 3352 2493 3390 uero
2526 3353 2688 3403 quum
2713 3330 2815 3385 mul·

942 3426 1013 3476 tis
1038 3436 1091 3478 et
1116 3426 1311 3493 apertis
1343 3426 1674 3493 argumentis
1709 3428 1812 3477 hoc
1850 3427 2132 3478 ostendere
2164 3426 2430 3489 videatur,
2466 3443 2527 3479 se
2557 3427 2626 3479 ad
2655 3425 2819 3479 nullum

944 3516 1225 3583 religiosae
1251 3517 1394 3569 vitae
1418 3515 1722 3567 institutum
1758 3516 1901 3567 aliud
1928 3515 2222 3582 impensius
2252 3532 2413 3581 quam
2439 3518 2508 3568 ad
2540 3516 2823 3571 Societatem

941 3609 1080 3657 hanc
1106 3616 1339 3658 nostram
1365 3606 1524 3669 affici,
1553 3616 1606 3659 et
1633 3606 1814 3658 multis
1846 3607 2000 3657 annis
2027 3605 2242 3673 impelli;
2274 3623 2375 3659 nec
2400 3605 2514 3673 ipse
2541 3606 2744 3675 quidem
2763 3603 2829 3655 in-

935 3697 1139 3764 dignus
1165 3697 1464 3758 videbatur,
1494 3697 1650 3748 cuius
1686 3697 1877 3749 litteris
1916 3699 2015 3748 hac
2040 3698 2107 3747 de
2141 3715 2196 3749 re
2234 3697 2436 3763 aliquid
2464 3698 2831 3764 responderem.

939 3788 1167 3854 Scripsit
1193 3797 1371 3838 autem
1400 3788 1466 3838 ad
1492 3805 1577 3841 me
1603 3787 1886 3854 Thilingae
1913 3786 2148 3838 calendis
2174 3786 2379 3849 Marcii,
2407 3803 2509 3839 nec
2534 3798 2663 3841 ante
2681 3788 2770 3838 has
2783 3784 2839 3835 li—

935 3886 1080 3929 teras
1109 3879 1213 3929 ulla
1235 3877 1362 3929 mihi
1389 3894 1510 3928 cum
1538 3877 1628 3929 illo
1654 3879 1988 3929 consuetudo
2017 3877 2114 3927 fuit
2135 3886 2227 3928 aut
2255 3876 2611 3930 familiaritas.
2649 3879 2706 3930 In
2727 3873 2843 3930 scri·
