3788 4716
989 622 1077 676 '578
1554 619 1605 662 Ρ.
1642 619 1900 662 Ronssmcn
1931 620 2255 663 Monuni-:urii

937 758 1104 802 amor,
1133 756 1238 806 que
1264 738 1341 792 sei
1368 755 1472 803 que
1489 740 1619 806 Jesu
1641 737 1858 789 Christo
1877 754 1974 789 nos
1995 747 2119 790 tem:
2145 738 2388 805 espantai
2403 755 2530 790 -uos
2548 754 2711 791 como
2726 739 2848 791 sofro

939 837 1041 881 ηέιυ
1065 831 1161 881 dar
1185 844 1345 880 vozes
1372 844 1466 894 por
1490 837 1633 880 estas
1668 844 1806 878 ruas
1847 829 2026 879 Huma
2059 830 2265 895 grande
2297 829 2524 881 merced
2551 827 2736 881 deseio
2763 844 2850 895 que

941 924 1086 972 Deos
1112 936 1195 971 me
1220 919 1408 970 fizesse
1433 935 1559 984 pera
1583 919 1703 970 bem
1732 918 1798 968 de
1825 918 1978 969 todos
2005 927 2267 979 vosotrOS,
2295 936 2404 985 que
2431 921 2527 981 he,
2557 936 2669 986 que
2693 936 2725 971 o
2747 935 2848 972 meu

940 1015 1165 1074 ρυτειφέιο
1191 1025 1401 1075 sempre
1426 1009 1616 1060 ficasse
1642 1010 1744 1073 ahy
1780 1007 1903 1058 viuo
1938 1025 2244 1071 comuoscO,
2272 1024 2304 1060 e
2336 997 2448 1074 q'ue
2474 1009 2583 1060 elle
2618 1015 2722 1061 nio
2751 1027 2851 1077 per·

939 1101 1094 1151 desse
1119 1115 1152 1149 0
1177 1115 1283 1165 que
1308 1115 1372 1149 ao
1399 1107 1644 1164 presente
1670 1098 1826 1162 sinte,
1855 1116 1886 1150 e
1912 1103 2014 1149 nfio
2042 1098 2238 1152 tiuesse
2264 1108 2428 1151 outra
2455 1099 2597 1152 mais
2632 1098 2851 1163 mistura,

939 1210 968 1241 e
994 1206 1099 1253 que
1124 1189 1225 1241 elle
1252 1188 1459 1239 falasse.
1492 1189 1656 1253 Ergo,
1685 1186 1728 1236 si
1755 1186 1869 1239 fieri
1897 1204 2002 1238 non
2030 1196 2224 1255 potest,
2254 1197 2334 1250 tu,
2364 1189 2681 1251 Ludouice‚
2707 1206 2856 1243 esoor

943 1295 1139 1339 meum,
1177 1294 1236 1330 es
1268 1278 1457 1344 lingua
1491 1294 1626 1330 mea:
1663 1278 1853 1339 clama,
1890 1294 1956 1329 ne
1998 1294 2178 1332 cesses
2213 1279 2277 1341 '’;
2319 1291 2371 1329 et
2413 1278 2554 1345 quid
2601 1279 2858 1331 clamabis?

942 1368 1116 1419 dicam
1142 1367 1256 1418 tibi:
1286 1368 1474 1428 clama,
1503 1366 1704 1429 intona,
1733 1375 1788 1418 et
1811 1367 1918 1418 dic:
1947 1366 2039 1432 qui
2065 1367 2267 1418 Christi
2291 1379 2445 1430 sunt,
2476 1385 2708 1422 carnem
2732 1386 2859 1421 suam

943 1457 1324 1509 erucifixerunt
1349 1473 1471 1507 cum
1498 1456 1640 1507 vitiis
1665 1466 1718 1509 et
1745 1456 2194 1524 concupiscentiis
2216 1458 2281 1508 ¹³.

1051 1547 1411 1608 Perdoai—me,
1452 1563 1557 1612 que
1600 1565 1682 1598 me
1722 1564 1821 1598 veo
1861 1555 2024 1613 gente
2064 1547 2314 1615 impedit,
2353 1566 2389 1601 e
2431 1555 2541 1601 nao
2584 1567 2688 1603 vos
2730 1567 2864 1619 pomo

946 1638 1077 1689 mais
1110 1653 1376 1698 escreuer,
1413 1654 1534 1688 nem
1568 1646 1749 1688 tornat
1782 1655 1811 1688 a
1842 1638 1920 1689 lei·
1951 1646 2066 1690 esta
2098 1646 2263 1700 carta,
2300 1656 2431 1690 nem
2466 1639 2550 1691 sei
2589 1657 2627 1692 o
2662 1657 2766 1708 que
2796 1657 2867 1694 es·-

946 1727 1112 1778 creui.

1055 1818 1226 1870 Pobre
1251 1819 1319 1868 de
1346 1815 1602 1878 virtudes·‚

2101 1910 2342 1960 Masi-RE
2384 1910 2611 1964 Snffio,

1056 1998 1352 2064 Inscriptio,
1383 1999 1545 2050 Carta
1571 2015 1674 2063 que
1702 2016 1733 2046 o
1763 1999 1824 2051 P.
1855 2000 1926 2050 M.
1965 1997 2166 2061 Simfio,
2202 1997 2513 2064 prouincial
2556 2002 2739 2055 d'esta
2771 2019 2867 2070 pm·

947 2086 1124 2139 uincia
1148 2088 1214 2139 de
1243 2089 1520 2154 Portugal,
1549 2104 1802 2139 escreueo
1820 2106 1886 2138 ao
1908 2089 1971 2138 Ρ.
1997 2087 2125 2139 Luis
2143 2088 2212 2140 de
2229 2088 2442 2141 Graan]
2464 2090 2512 2116 ’⁴
2542 2093 2663 2146 ΗΒ*
2681 2109 2783 2160 que
2804 2078 2873 2158 foy

947 2177 1119 2230 d’este
1146 2177 1373 2244 collegio
1398 2179 1464 2228 de
1491 2177 1743 2229 Coimbra
1769 2195 1838 2228 no
1864 2195 2005 2228 anno
2029 2178 2097 2231 de
2132 2188 2279 2242 1550.

1863 2312 1942 2374 26

1301 2416 1518 2465 PATRI
1564 2414 1897 2465 MARTINO
1942 2414 2544 2470 SANCTACRUCIO

1483 2532 1805 2577 mxssu‘oms,
1827 2535 1883 2567 20
1900 2536 2130 2576 μΝυΑῐιιι
2165 2523 2271 2578 1548
2294 2525 2328 2567 ¹.

949 2621 1096 2663 Varia
1128 2623 1314 2678 negotia
1336 2623 1401 2663 ad
1431 2635 1530 2663 rem
1555 2620 1865 2677 familiarem
1900 2621 2090 2679 collegii
2122 2622 2531 2669 conimbricensis
2562 2627 2872 2684 spectantia.-

1028 2690 1275 2732 Undenam
1297 2691 1531 2744 quaedam
1549 2691 1930 2745 perturbationes
1948 2690 2155 2746 ejusaem
2174 2691 2374 2748 collegii
2394 2699 2609 2739 exortae
2620 2696 2872 2753 fuerint.-

1034 2763 1253 2803 Votorum
1275 2760 1499 2816 formula
1525 2775 1725 2803 romana
1746 2762 1991 2804 Rodericio
2006 2775 2099 2803 nou
2121 2762 2328 2808 arridet.
2347 2764 2666 2810 -Bonorum
2687 2765 2867 2810 donatio-

1025 2845 1116 2873 nes.
1137 2831 1362 2883 —Quales
1387 2831 1584 2871 debeant
1603 2843 1713 2879 esse,
1748 2833 1831 2885 qui
1858 2832 1923 2873 ad
1948 2831 2082 2873 indos
2107 2832 2632 2878 minantum—Novus
2659 2839 2868 2880 redorm-

1027 2900 1366 2945 m‘mbricensis.
1382 2899 1594 2954 —Aliqm‘
1613 2916 1636 2941 e
1658 2900 1885 2942 sacietate
1905 2900 2108 2944 dimissi.

1835 3024 1990 3121 jiihs.

1058 3171 1239 3223 Dieem
1276 3191 1306 3221 υ
1362 3171 1520 3223 reitor
1559 3190 1588 3222 e
1632 3171 1916 3236 collegiaes
1955 3172 2026 3223 do
2068 3172 2298 3240 collegio
2337 3174 2412 3226 da
2448 3177 2786 3244 Companhia
2810 3175 2862 3225 do

953 3278 1110 3314 nome
1135 3262 1200 3312 de
1212 3264 1343 3329 Jesu
1369 3263 1436 3312 da
1463 3261 1647 3324 eidade
1673 3263 1740 3312 de
1766 3260 2038 3324 Coimbra,
2061 3278 2165 3328 que
2183 3279 2217 3314 0
2236 3262 2395 3329 bispo
2423 3266 2500 3318 da
2526 3266 2647 3318 dita
2665 3263 2861 3330 cidade'

953 3361 1059 3404 tem
1087 3352 1216 3401 hum
1246 3353 1387 3417 paul,
1417 3369 1522 3416 que
1547 3369 1603 3402 se
1629 3353 1820 3402 chama
1843 3352 1911 3403 de
1944 3351 2222 3416 Quintide‚
2259 3369 2331 3404 no
2365 3362 2552 3407 termo
2579 3358 2653 3408 da
2677 3356 2792 3407 villa
2810 3353 2862 3404 de

1012 3492 1047 3517 ¹²
1107 3492 1239 3546 Isiu„
1265 3491 1427 3541 LVIII,
1458 3500 1497 3532 ι.
2115 3490 2154 3516 ³³
2212 3489 2435 3543 Gau-r„
2461 3493 2523 3547 V,
2550 3506 2625 3549 24.

1017 3563 1055 3586 ²⁴
1114 3560 1228 3601 Vide
1251 3568 1404 3605 annot.
1431 3573 1508 3600 nan
1533 3559 1666 3613 hujus
1687 3559 1925 3614 epistolae.

1037 3630 1046 3653 ¹
1111 3630 1177 3670 Ex
1198 3630 1464 3683 archetypo,
1488 3628 1532 3670 in
1553 3629 1711 3670 codice
1738 3629 1886 3682 Epist.
1916 3629 2088 3671 Bobad.
2106 3632 2150 3670 et
2167 3628 2363 3678 Ruder„
2385 3629 2572 3687 duplici
2596 3632 2699 3689 fol„
2713 3647 2761 3676 n.
2783 3640 2864 3683 227.

955 3700 1080 3754 prius
1101 3709 1200 3753 541,
1217 3710 1313 3751 542.
1341 3699 1509 3741 Ultima
1540 3700 1678 3740 verba
1712 3699 1839 3740 «Nae
1860 3711 1942 3740 vos
1977 3711 2305 3754 esqueqamn...
2341 3712 2496 3756 usque
2537 3702 2600 3745 ad
2621 3717 2678 3747 uo
2696 3700 2806 3745 dinei
2822 3711 2865 3742 ιο

956 3771 1011 3811 Ρ.
1042 3770 1171 3810 Mtte.
1197 3768 1423 3823 lgnacion.
1446 3767 1645 3810 Simonis
1668 3782 1821 3818 manu,
1849 3775 2030 3811 caetera
2051 3781 2076 3810 a
2106 3767 2291 3810 librario
2316 3775 2518 3813 exarata
2540 3780 2674 3828 sunt,
2705 3770 2865 3826 dempto

957 3839 1117 3881 ultimo
1138 3844 1239 3892 post
1255 3838 1442 3891 scripto,
1463 3838 1584 3893 quod
1603 3838 1778 3893 propria
1802 3851 1938 3879 manu
1961 3838 2005 3880 in
2028 3837 2233 3893 margine
2254 3836 2440 3882 addidit
2455 3839 2792 3885 Gundissivus.

1044 3913 1056 3933 ²
1117 3910 1320 3962 Joannes
1343 3908 1524 3949 Soares.
