3788 4716
1157 596 1239 652 928
1649 596 1809 639 Epis'r.
1843 596 1935 638 ΡΡ.
1966 594 2172 648 Bana-rr,
2203 596 2324 649 JAJr²
2355 605 2468 641 arc,

1158 714 1212 758 S.
1253 715 1323 769 J.,
1364 728 1481 757 unus
1515 727 1541 757 e
1582 713 1810 770 prioribus
1850 712 2018 768 Ignatii

1157 784 1297 827 sociis
1318 784 1363 825 in
1386 782 1632 826 Societatis
1649 782 1957 837 institutione,
1973 793 2014 838 7,

1157 853 1199 907 8,
1244 863 1336 907 107,
1379 863 1471 907 199,
1510 863 1610 908 202,
1645 852 1744 902 268,
1783 862 1883 905 410.
1917 862 2019 906 411,

1156 920 1254 976 413.
1280 922 1377 975 506,
1402 931 1605 976 509·5¹4‚
1632 921 1730 976 877,
1757 920 1856 975 8783
1886 934 2019 977 regu·

1159 993 1303 1033 larum
1362 991 1608 1033 Societatis
1674 990 2023 1048 antiquissimus

1158 1070 1329 1116 auctor,
1351 1073 1555 1116 445·449·
1570 1060 1669 1117 5³9,
1687 1062 1786 1115 546,
1804 1072 1904 1116 547,
1921 1063 2021 1105 822·

1158 1131 1264 1185 849;
1305 1130 1619 1173 commentarii
1660 1130 1717 1173 de
1759 1130 1935 1186 origine
1974 1138 2023 1175 et

1160 1214 1405 1257 progressu
1418 1200 1598 1243 Societa
1606 1199 1663 1242 tis
1681 1200 1794 1254 Jesu
1810 1202 2018 1257 scriptor,

1159 1270 1361 1324 437440,
1400 1279 1600 1323 451-517ς
1635 1270 1823 1338 socium·
1842 1271 2023 1325 Ignatio

1161 1354 1212 1382 se
1255 1341 1467 1395 praebet,
1502 1349 1602 1391 4553
1643 1348 1801 1381 votum
1836 1340 2040 1383 Parisiis·

1160 1423 1264 1451 cum
1283 1408 1419 1450 sociis
1436 1414 1682 1464 nuncupat,
1699 1408 1796 1461 458,
1818 1422 1917 1463 459;
1941 1410 2022 1452 Pa·

1162 1477 1283 1520 risiis
1311 1476 1562 1528 egreditur,
1591 1478 1689 1529 461,
1722 1485 1819 1534 4023
1844 1487 2022 1521 tumore

1163 1547 1208 1589 in
1238 1545 1401 1588 itinere
1428 1546 1663 1601 affligitur,
1692 1546 1791 1599 403;
1823 1561 1849 1588 a
1883 1547 2030 1590 fratre

1161 1629 1382 1671 germano
1409 1615 1465 1657 ad
1501 1616 1626 1658 vitae
1657 1616 1868 1671 incoepta
1894 1617 2024 1659 dese·

1164 1684 1305 1727 renda
1351 1685 1517 1727 frustra
1567 1692 1876 1740 pertentatur,
1924 1685 2022 1739 4663

1164 1756 1288 1808 lepra
1325 1752 1523 1796 inficitur
1554 1761 1601 1795 et
1629 1754 1890 1808 mundatur,
1924 1754 2022 1808 476;

1165 1822 1400 1865 victoriam
1422 1822 1479 1863 dc
1505 1822 1657 1877 seipso
1686 1822 1732 1865 in
1761 1822 2024 1865 nosocomio

1162 1898 1381 1946 reportat,
1401 1889 1502 1943 481:
1525 1892 1866 1946 eleemosynam
1890 1890 2023 1946 petit,

1161 1959 1261 2014 481,
1284 1960 1380 2013 485:
1406 1960 1464 2002 de
1492 1959 1645 2015 seipso
1671 1959 1872 2002 demisse
1899 1960 2024 2014 cogi-

1166 2037 1232 2072 tat
1252 2037 1300 2072 et
1321 2030 1538 2085 loquitur,
1558 2029 1658 2082 484,
1681 2027 1780 2083 530,
1802 2028 1900 2083 531,
1923 2031 2021 2083 560,

1164 2097 1263 2152 563;
1286 2098 1426 2140 sacris
1458 2098 1678 2151 initiatur,
1709 2099 1806 2151 4873
1836 2100 2026 2141 Bassani

1166 2170 1226 2210 ab
1259 2167 1449 2210 eremita
1486 2168 1730 2223 excipitur,
1759 2167 1857 2223 4883
1900 2167 2025 2210 letali

1167 2238 1324 2279 morbo
1345 2237 1604 2291 corripitur,
1619 2237 1714 2290 4893
1735 2236 2025 2279 Vincentiam

1164 2320 1267 2348 cum
1296 2306 1432 2348 sociis
1459 2305 1694 2356 convenit,
1732 2318 1832 2358 4903
1871 2307 2027 2347 Ferra-

1164 2377 1276 2417 riam
1314 2389 1363 2416 se
1397 2374 1600 2425 confert,
1639 2385 1744 2428 4913
1788 2375 2026 2417 Patavium

1165 2444 1357 2498 accedit,
1403 2443 1500 2496 4933
1539 2444 1709 2485 Romae
1749 2457 1851 2486 cum
1889 2444 2027 2486 sociis

1105 2513 1112 2519 “
1165 2513 1382 2568 proximis
1418 2513 1634 2568 juvandis
1678 2513 1885 2567 insudat,
1927 2513 2027 2566 498-

1166 2594 1272 2637 5093
1316 2585 1458 2625 Senas
1499 2596 1524 2624 a
1559 2583 1774 2638 pontifice
1812 2583 2026 2635 mittitur,

1164 2660 1390 2707 aegrotat,
1408 2652 1608 2705 50³)-5132
1630 2654 1859 2707 praeclare
1871 2652 1928 2694 de
1947 2653 2024 2694 So·

1164 2722 1333 2764 cietate
1356 2722 1513 2775 sentit,
1540 2733 1637 2775 515,
1669 2722 1766 2773 516;
1798 2722 2026 2775 Ignatium

1165 2791 1470 2846 praepositum
1488 2792 1751 2845 generalem
1762 2791 1909 2845 eligit,
1927 2801 2023 2843 51();

1167 2862 1334 2902 multos
1356 2860 1411 2901 ad
1447 2860 1608 2902 salutis
1644 2859 1763 2902 viam
1800 2868 1846 2902 et
1882 2860 2026 2916 perfe-

1164 2929 1363 2971 ctionem
1377 2929 1668 2975 christianam
1690 2929 2028 2984 perducit,520·

1167 3009 1263 3050 522,
1296 3008 1390 3050 525,
1424 3008 1625 3050 517549.
1654 2999 1752 3050 ⁶72,
1790 2997 1890 3052 073,
1924 2999 2027 3039 688-

1164 3068 1270 3121 694:
1308 3066 1496 3120 regibus
1534 3066 1840 3121 portugalliae
1874 3081 2020 3120 carus,

1166 3146 1264 3189 521,
1282 3146 1378 3188 524,
1399 3134 1496 3187 530,
1516 3134 1615 3186 6303
1639 3135 1694 3176 ad
1714 3135 1887 3177 Indiam
1906 3136 2024 3178 mitti

1164 3204 1411 3247 desiderat.
1437 3202 1534 3255 523,
1558 3214 1650 3256 525,
1678 3214 1774 3257 541,
1806 3214 1904 3257 571,
1923 3207 2024 3257 607,

1163 3273 1365 3324 ooo-611:
1391 3272 1530 3313 libros
1552 3273 1648 3326 pios
1671 3279 1907 3328 propagat,
1926 3283 2022 3328 5253

1164 3341 1327 3383 domus
1364 3341 1448 3382 Sti.
1488 3341 1674 3383 Antonii
1711 3341 2023 3383 fundationem

1167 3418 1398 3465 procurat,
1444 3421 1546 3462 5273
1580 3410 1917 3452 Conimbricam
1939 3411 2027 3453 fre-

1163 3486 1357 3534 quenter
1380 3479 1522 3532 venit,
1549 3489 1645 3531 529,
1677 3480 1774 3531 568,
1806 3489 1902 3534 570,
1925 3479 2020 3534 583,

1164 3561 1263 3602 590,
1284 3560 1379 3602 595;
1400 3549 1674 3590 Societatem
1694 3550 1737 3591 in
1757 3549 2023 3605 Hispaniam

1164 3618 1389 3661 introduci
1417 3625 1563 3672 curat,
1594 3617 1691 3671 5303
1723 3619 2023 3661 lusitanorum

1164 3688 1385 3730 sodalium
1419 3702 1608 3729 numeru
1625 3702 1655 3728 n
1679 3688 1836 3739 augeri
1860 3689 2022 3743 poscit,

1163 3769 1262 3810 527.
1286 3756 1382 3811 5313
1405 3757 1614 3799 sinistras
1642 3757 1699 3798 de
1731 3773 1781 3798 se
1813 3758 2023 3800 informa-

1163 3829 1312 3870 tiones
1328 3826 1504 3880 Ignatio
1520 3826 1615 3867 dari
1634 3827 1907 3881 suspicatur,
1926 3826 2002 3879 531
2015 3861 2025 3880 ,

2163 711 2262 767 532,
2283 717 2379 769 562ς
2402 712 2773 756 constitutiones
2796 713 3024 757 Societatis

2162 784 2375 839 postulat,
2401 782 2500 839 5315,
2528 782 2772 826 Roderico
2801 783 2859 826 de
2888 785 3026 828 Mene-

2160 864 2237 893 ses
2252 851 2425 895 solidae
2437 852 2629 895 virtutis
2645 852 2928 897 documenta
2939 868 3024 909 por-

2160 920 2285 976 rigit,
2325 921 2424 976 534;
2466 921 2814 977 professionem
2853 924 3026 980 emittit,

2162 989 2259 1043 535,
2283 989 2382 1043 536;
2403 1004 2429 1032 a
2449 1004 2562 1046 rege
2583 991 2645 1034 de
2670 993 2820 1036 rebus
2846 994 3029 1036 concilio

2163 1060 2412 1103 tridentino
2425 1048 2752 1116 proponendis·
2766 1063 3028 1115 consulitur,

2162 1128 2365 1186 776-7783
2395 1130 2617 1184 magister
2645 1138 2696 1173 et
2727 1130 3030 1174 confessarius

2163 1197 2381 1254 principis
2397 1199 2677 1248 nominatur,
2699 1197 2804 1252 538,
2824 1211 2924 1253 545,
2941 1199 3027 1255 553,

2164 1278 2262 1321 572;
2291 1267 2439 1309 socios
2469 1266 2527 1307 ad
2566 1266 2705 1309 Indos
2743 1267 2906 1317 mittit,
2939 1281 3029 1322 540,

2164 1336 2263 1389 582,
2291 1336 2390 1389 585,
2425 1334 2522 1387 586ς
2556 1337 2715 1379 socios
2749 1337 2808 1379 ad
2835 1346 3032 1380 contem-

2163 1413 2291 1461 ptum
2314 1404 2469 1447 mundi
2490 1404 2782 1460 adhortatur,
2811 1406 2910 1459 548,
2942 1418 3031 1460 572·

2164 1474 2261 1531 578,
2284 1474 2612 1518 instructiones
2633 1475 2782 1518 utiles
2807 1476 3032 1518 consessa·

2164 1543 2417 1598 riis'tradit,
2445 1541 2547 1598 613,
2572 1544 2678 1597 614;
2710 1545 2940 1600 operariis
2965 1559 3029 1588 co·

2165 1611 2549 1655 nimbricensibus
2561 1612 2850 1656 documenta
2868 1615 2925 1656 ad
2943 1629 3030 1670 prc-

2166 1681 2313 1722 ximos
2324 1680 2552 1735 juvandos
2569 1682 2924 1725 accommodata
2941 1697 3031 1738 por·

2112 1783 2123 1795 .
2165 1749 2286 1803 tigit,
2309 1749 2409 1803 618,
2429 1750 2534 1803 619;
2561 1751 2739 1794 monita
2763 1765 2847 1803 pro
2877 1753 3030 1795 itinere

2166 1825 2291 1861 recte
2317 1818 2601 1872 conficiendo
2629 1820 2868 1864 Silveriae
2895 1829 2942 1864 et
2967 1836 3029 1864 so-

2165 1887 2250 1930 ciis
2285 1888 2487 1942 exhibet,
2523 1888 2735 1940 626-630;
2765 1892 3029 1933 collationes

2167 1956 2224 1999 de
2252 1959 2389 1999 rebus
2424 1958 2479 1999 ad
2510 1958 2730 2012 spiritum
2765 1959 3028 2015 pertinenti-

2167 2029 2253 2069 bus
2273 2040 2376 2069 cum
2398 2027 2534 2069 sociis
2555 2028 2715 2082 habet,
2735 2029 2785 2071 81
2800 2030 2940 2082 1·81.;:
2964 2044 3030 2087 pa·

2167 2109 2267 2139 cem
2316 2096 2767 2140 conimbricensibus
2817 2100 3027 2151 restituit,

2168 2175 2266 2219 551,
2300 2166 2397 2219 562;
2426 2167 2671 2221 epistolam
2708 2181 2734 2210 a
2766 2168 2819 2211 S.
2860 2169 3028 2224 Ignatio

2168 2248 2248 2291 pro
2312 2234 2525 2277 fratribus
2579 2237 3025 2281 conimbricensibus

2167 2305 2342 2360 optimo
2362 2305 2524 2361 spiritu
2546 2305 2854 2350 informandis
2870 2309 3028 2364 poscit,

2168 2382 2263 2428 551,
2294 2373 2390 2428 558³
2416 2374 2702 2417 Ludovicum
2734 2376 3028 2420 Consalvium

2167 2443 2350 2496 collegii
2384 2442 2770 2487 conimbricensis
2816 2455 3030 2489 rectorem

2167 2511 2419 2564 constituit,
2440 2522 2538 2565 552;
2559 2512 2773 2555 Stradam
2794 2514 2852 2556 ad
2867 2516 3029 2557 curiam

2168 2593 2323 2621 secum
2339 2579 2483 2632 ducit,
2501 2590 2598 2633 5523
2622 2581 2861 2636 Ignatium
2882 2585 3030 2626 videre

2167 2647 2315 2702 cupit,
2332 2646 2428 2701 5533
2459 2648 2710 2691 Societatis
2731 2660 2964 2693 amantem
2986 2666 3031 2693 se

2168 2717 2374 2771 praebet,
2403 2717 2500 2769 553,
2531 2720 2634 2772 502,
2670 2718 2773 2772 565,
2803 2719 2901 2773 734-
2939 2719 3033 2774 735,

2167 2786 2271 2839 7643
2337 2786 2636 2841 quorumdam
2697 2789 3033 2843 praedictiones

2167 2855 2347 2909 Ignatio
2381 2856 2555 2909 scribit,
2589 2868 2799 2910 554—557;
2839 2859 3034 2901 Xaverio

2168 2926 2333 2966 multos
2379 2926 2609 2980 operarios
2661 2926 2848 2969 mittere
2894 2929 3033 2984 cupit,

2169 3004 2272 3048 5593
2310 2993 2682 3037 Sanctacrucium
2726 2997 2901 3045 laudat,
2941 2998 3035 3050 5623

2167 3063 2333 3117 corrigi
2357 3071 2560 3118 exoptat,
2585 3064 2685 3117 562,
2704 3065 2808 3118 563;
2829 3066 3037 3110 stradam

2167 3145 2192 3173 e
2209 3132 2488 3186 Portugallia
2504 3146 2595 3175 non
2617 3133 2914 3178 educendum
2936 3151 3038 3180 cen-

2166 3207 2256 3255 set,
2277 3202 2373 3257 5663
2404 3202 2459 3243 ad
2482 3204 2670 3257 collegii
2698 3206 3040 3250 conimbricen-

2166 3270 2229 3313 sis
2279 3272 2559 3314 erectionem
2607 3273 2816 3329 diploma
2858 3277 3040 3331 pontiti-

2166 3340 2287 3383 cium
2323 3354 2414 3384 non
2448 3342 2618 3398 requiri
2647 3344 2912 3399 existimat,
2942 3354 3037 3401 507:

2163 3408 2308 3461 ipsius
2327 3411 2509 3465 collegii
2541 3411 2766 3455 fabricam
2805 3418 3033 3470 provehit.

2165 3479 2264 3533 569,
2300 3490 2397 3532 571,
2425 3482 2525 3534 609;
2556 3482 2750 3535 negotia
2778 3487 2969 3540 collegii
2996 3495 3040 3528 et

2166 3548 2427 3603 provinciae
2467 3558 2736 3605 promovet,
2786 3554 2894 3607 578,
2944 3566 3040 3610 579,

2166 3619 2264 3673 585,
2283 3629 2481 3673 595-5092
2498 3621 3037 3679 600-606‚622-625‚631:

2163 3688 2347 3742 collegii
2366 3690 2674 3732 messanensis
2694 3692 3036 3738 institutionem

2166 3772 2256 3800 non
2283 3757 2498 3813 expedire
2523 3758 2722 3813 judicat,
2752 3762 2960 3817 587·5SQ;
2983 3765 3035 3808 ad

2167 3826 2456 3882 Aethiopiam
2487 3827 2552 3870 ire
2582 3836 2797 3883 paratum
2828 3845 2882 3874 se
2914 3833 3040 3876 exhi-
