3788 4716
981 623 1062 677 484
1537 623 1586 665 P.
1618 622 1878 666 Rooemcu
1908 623 2231 666 Mos-cusan

927 745 979 795 in
1009 744 1124 794 foro
1151 742 1309 794 nudis
1334 742 1577 810 pedibuS,
1607 752 1788 796 erecta
1811 743 1876 794 ad
1903 760 2085 810 genua
2120 752 2289 805 veste,
2321 742 2466 794 inter
2501 742 2808 796 ventsdentes

928 834 1185 885 faeminas
1212 832 1621 896 mendicantem,
1648 841 1702 884 et
1727 834 1796 884 ab
1822 835 1922 885 hac
1950 835 2264 900 raphanum,
2296 835 2363 884 ab
2391 832 2484 884 illa
2508 849 2728 900 pomum,
2752 830 2801 881 ab

928 924 1045 976 aliis
1069 923 1298 989 denique
1325 921 1517 973 similia
1541 939 1663 974 cum
1689 940 1898 975 summa
1921 923 2084 975 animi
2110 923 2440 977 demissione
2473 921 2791 989 accipientem.

930 1014 1158 1074 Deinde,
1188 1030 1309 1065 cum
1347 1013 1585 1066 eiusdem
1620 1023 1985 1081 paupertatem
2021 1013 2490 1081 humilitatemque
2515 1013 2719 1081 quadam
2744 1028 2789 1063 ex

931 1113 1099 1172 parte,
1139 1111 1193 1155 et
1225 1121 1289 1154 ex
1323 1104 1488 1155 altera
1520 1101 1688 1169 ipsius
1719 1103 1965 1156 eximiam
1998 1103 2369 1165 eruditionem,
2412 1102 2837 1171 singularemun

930 1193 1228 1245 doctrinam
1256 1193 1557 1259 copulatam
1583 1209 1705 1244 cum
1731 1194 1956 1260 egregio
1980 1192 2217 1261 ingeni0,
2247 1193 2474 1260 aliisque
2501 1192 2650 1245 animi
2671 1207 2836 1243 omas

932 1282 1125 1334 mentis
1144 1284 1205 1344 ³⁶,
1229 1282 1423 1348 quibus
1443 1299 1633 1334 nomen
1654 1284 1754 1334 sibi
1774 1292 1828 1335 et
1847 1284 2069 1350 gloriam
2090 1299 2401 1351 comparare
2427 1282 2671 1350 potuisset
2684 1293 2828 1348 apud

933 1372 1192 1435 homine3‚
1220 1373 1557 1425 considerare
1583 1372 1861 1440 coepisset,
1892 1391 1998 1425 non
2024 1373 2196 1440 potuit
2233 1390 2340 1425 non
2377 1375 2694 1425 vehementer
2713 1375 2808 1425 ad-

935 1463 1129 1523 mirari,
1176 1461 1487 1529 ingentique
1523 1463 1684 1514 animi
1720 1463 2094 1526 commotione,
2139 1472 2305 1529 atque
2347 1464 2566 1523 affectu,
2607 1460 2680 1527 qui
2712 1477 2791 1512 nec

935 1552 1099 1605 literis
1126 1569 1224 1604 nec
1250 1553 1425 1605 verbis
1453 1561 1625 1619 potest
1650 1552 1891 1619 exprimi,
1922 1552 2303 1606 incredibiliter
2327 1553 2488 1605 affici.
2519 1554 2631 1619 Qua
2649 1550 2773 1602 consi-

934 1643 1205 1695 deratione
1233 1651 1381 1709 pater
1406 1643 1492 1696 ille
1518 1635 1778 1694 sim'ilibus
1802 1643 1856 1694 in
1883 1643 2093 1696 euentis
2126 1643 2201 1694 vti
2234 1652 2607 1703 consueuerat,
2636 1656 2764 1705 eosque

933 1751 999 1784 ex
1026 1733 1114 1783 illa
1138 1732 1424 1800 colligebat
1458 1734 1682 1795 fructuS,
1712 1733 1990 1787 manifeste
2023 1743 2081 1784 vt
2117 1733 2445 1800 intelligeret
2476 1731 2706 1798 indignum
2726 1743 2758 1778 se

935 1822 1147 1890 penitus
1172 1839 1288 1875 esse
1315 1832 1420 1874 tam
1447 1832 1629 1875 sancta
1663 1823 1936 1875 hominum
1963 1823 2218 1876 societate
2241 1832 2297 1876 et
2322 1838 2614 1892 congressu
2632 1821 2681 1872 ¹².
2698 1819 2753 1869 lam

935 1931 1065 1967 vero
1091 1930 1197 1979 quo
1224 1913 1553 1979 frequentius
1578 1912 1704 1964 huic
1737 1931 1796 1966 se
1827 1912 2236 1966 considerationi
2268 1914 2453 1976 dabat,
2489 1930 2554 1965 eo
2582 1905 2752 1978 magi-*oin

936 2019 995 2055 se
1020 2002 1205 2069 augeri
1231 2002 1493 2055 sentiebat
1519 2013 1570 2055 et
1596 2001 1935 2055 deuotionem
1955 2012 2008 2055 et
2029 2003 2403 2068 reuerentiam,
2427 1992 2753 2055 huiusmodinei

937 2093 1106 2146 seruis
1133 2093 1319 2144 merito
1343 2093 1714 2145 exhibendam.

1041 2184 1167 2245 Sed,
1192 2191 1248 2233 vt
1273 2184 1339 2234 ud
1359 2184 1675 2235 narrationis
1699 2192 2007 2236 contextum
2033 2194 2385 2246 reuertamur,
2407 2201 2477 2236 eo
2494 2182 2575 2234 die
2595 2182 2752 2233 adeoco·

939 2273 1086 2340 piosa
1111 2273 1267 2324 sociis
1291 2282 1512 2339 erogata
1537 2283 1618 2325 est
1649 2275 2004 2341 eleemosyna,
2034 2283 2094 2325 ut
2129 2290 2237 2326 non
2269 2274 2445 2326 solum
2476 2288 2643 2325 omnes
2662 2262 2753 2319 simul

938 2362 1090 2414 hilari
1119 2363 1417 2429 frugalique
1444 2380 1731 2429 pauperum
1759 2364 1903 2415 victu
1928 2381 2079 2415 suam
2104 2363 2409 2430 depulerint
2428 2366 2627 2424 famem,
2643 2367 2755 2409 νεῐῦῑῑ

938 2453 1094 2506 etiam
1122 2452 1405 2505 habuerint
1431 2455 1569 2505 vnde
1595 2453 2006 2521 oppignoratum
2032 2453 2354 2507 redimerent
2380 2451 2685 2507 breuiarium.

1042 2544 1278 2595 Tandem
1305 2544 1371 2593 ad
1397 2553 1680 2609 augustam
1709 2543 1969 2597 Dominae
1992 2545 2301 2597 lauretanae
2325 2545 2512 2597 aedem
2533 2545 2756 2610 peruentum

937 2643 1037 2695 est;
1067 2633 1119 2684 in
1146 2651 1251 2698 qua
1276 2650 1397 2685 cum
1423 2634 1559 2685 duos
1586 2642 1761 2685 tresue
1787 2633 1900 2687 dies
1925 2634 1976 2685 in
2005 2633 2208 2700 piarum
2235 2650 2415 2687 rerum
2448 2624 2756 2685 commentatio-

939 2724 1096 2776 nibus
1121 2733 1174 2776 et
1199 2725 1526 2775 orationibus
1562 2724 1844 2776 fundendis
1868 2724 2340 2792 consumpsissent,
2374 2727 2591 2776 Romam
2617 2727 2759 2773 conten·

942 2815 1093 2864 dunt.
1141 2814 1503 2867 Grauissimos
1542 2814 1591 2865 in
1633 2816 1733 2865 hoc
1779 2814 1966 2867 itinere
2005 2816 2231 2876 labores,
2282 2815 2587 2881 frequentes
2621 2810 2758 2862 imbre·

944 2921 1279 2971 paenosaque
1313 2904 1501 2955 itinera
1533 2903 1853 2966 habuerunt3
1900 2903 2199 2972 acciditque
2243 2913 2301 2955 vt
2343 2905 2488 2958 diem
2526 2917 2682 2957 vnum,
2709 2888 2761 2959 ‘lui

943 2994 1138 3046 ieiunio
1167 2994 1576 3058 transigebatur,
1605 2993 1733 3044 socii
1762 3004 1888 3058 treS,
1916 2993 2030 3046 sine
2056 2995 2161 3047 vllo
2185 2993 2330 3056 cibo,
2370 2993 2580 3056 madidi,
2610 3001 2652 3043 et
2673 2989 2761 3038 lutu-

944 3084 1070 3135 lenti
1100 3092 1267 3135 totum
1295 3084 1615 3135 ambulando
1640 3092 2034 3145 consumerent;
2056 3084 2275 3150 jamque
2293 3085 2526 3136 obscura
2543 3069 2761 3136 ettenebri·

943 3190 1066 3225 cosa
1102 3183 1275 3234 nocte,
1313 3174 1525 3238 quando
1557 3190 1842 3239 corrogare
1875 3172 2066 3240 stipem
2099 3191 2204 3225 non
2238 3173 2460 3237 licebat,
2498 3174 2562 3225 ad
2593 3163 2764 3237 oppldssm

945 3264 1026 3314 vel
1069 3272 1300 3314 castrum
1337 3262 1675 3314 Tolentinum
1710 3263 2041 3314 accederent.
2079 3263 2239 3329 Quod
2272 3264 2403 3315 dum
2448 3261 2767 3331 ingrederentur

1028 3426 1064 3451 ³⁶
1125 3425 1361 3476 mmmm,
1385 3425 1471 3468 loc.
1494 3423 1591 3476 cit.,
1616 3437 1660 3465 n.
1685 3422 1756 3476 32,
1778 3424 1857 3465 ait:
1888 3422 2246 3468 “considerando
2266 3426 2309 3466 la
2329 3424 2527 3477 nobilti,
2548 3426 2590 3468 le
2614 3419 2773 3466 riechem

942 3493 1018 3536 del
1041 3495 1196 3536 seculo
1218 3509 1242 3533 e
1267 3493 1278 3533 i
1298 3506 1409 3546 gran
1435 3493 1592 3535 talenti
1615 3493 1661 3535 di
1684 3494 1846 3535 lettere
1868 3507 1893 3535 e
1914 3493 1960 3535 d’
1984 3493 2228 3549 ingegno»;
2249 3507 2372 3550 quae
2390 3494 2576 3552 quidem
2593 3506 2643 3536 ex
2654 3479 2775 3533 nuderi-

941 3563 1001 3605 cii
1023 3562 1351 3604 commentario
1374 3576 1459 3604 non
1481 3570 1717 3604 eruuntur.

1028 3636 1059 3659 ²⁷
1125 3633 1248 3674 Haec
1269 3633 1436 3684 omnia,
1460 3640 1507 3673 ut
1533 3638 1674 3686 patet,
1695 3631 1752 3673 de
1775 3632 1875 3686 ipso
1897 3631 2136 3676 Rodericio
2163 3633 2474 3689 intelligenda
2500 3641 2619 3687 sunt,
2640 3618 2784 3689 quma*

948 3701 1063 3757 ipse,
1087 3701 1338 3743 modestiae
1360 3714 1513 3754 causa,
1536 3702 1580 3743 in
1614 3702 1746 3743 tertia
1776 3714 1967 3756 persona
1994 3701 2052 3744 de
2079 3715 2129 3744 se
2156 3702 2261 3758 ipso
2286 3704 2523 3761 loquatur.
2551 3705 2727 3748 Alterum
2741 3704 2787 3737 ⁸⁸·

946 3778 1038 3814 tem
1060 3774 1233 3813 socium
1257 3770 1328 3813 hic
1349 3778 1749 3813 commemoratum
1773 3771 1979 3814 Lainium
2002 3770 2144 3814 fuisse
2163 3771 2231 3815 ait
2250 3774 2473 3832 TELLES,
2505 3776 2681 3823 chrum,
2701 3770 2732 3823 1,
2750 3760 2792 3808 23·
2827 3825 2831 3832 Ι

946 3841 1071 3883 Idem
1111 3841 1345 3882 existimat
1385 3842 1571 3895 Boi-21³0,
1607 3841 1741 3897 eique
1777 3841 1950 3884 socium
1989 3841 2200 3898 adjungit
2241 3844 2522 3904 Xaverium,
2561 3847 2604 3891 in
2643 3842 2727 3887 Vita
2752 3830 2797 3879 M

941 3912 1000 3958 P.
1029 3911 1255 3954 Giacomo
1280 3912 1467 3964 Lainez,
1489 3925 1593 3967 pag.
1621 3912 1686 3954 16.
