3788 4716
1009 643 1092 686 454
1569 630 1621 671 P.
1654 630 1913 672 Rooaarcn
1943 630 2264 672 Monuuax‘ra

951 768 1056 818 que
1083 750 1136 800 in
1160 750 1388 813 collegio
1413 749 1570 800 diuae
1601 749 1866 801 Barbarae
1899 747 1950 798 in
1978 747 2163 800 eadem
2188 747 2375 808 domn,
2407 745 2684 797 distinctis
2709 756 2840 798 tamen

952 841 1232 901 cubiculis,
1262 838 1691 891 diuersabantur:
1721 848 1883 904 atque
1908 837 1982 890 ita
2005 854 2188 889 eorum
2216 854 2384 903 opera
2408 845 2466 888 et
2488 836 2730 888 familiari
2744 852 2840 887 con·

953 946 1144 996 gressu
1181 930 1446 981 adductus
1480 928 1680 980 Xauier
1713 927 1988 994 pristinam
2023 926 2235 992 reliquit
2268 925 2494 979 viuendi
2532 943 2772 987 normam,
2799 935 2836 976 et

956 1020 1242 1070 instituens
1286 1018 1574 1080 meliorem,
1620 1019 1689 1070 ad
1730 1016 2088 1084 proximorum
2133 1017 2360 1068 salutem
2378 1056 2392 1077 ,
2433 1027 2490 1068 et
2542 1027 2831 1067 sacrosancta

955 1109 1361 1174 Hierosolymae
1388 1108 1453 1160 2ν
1482 1109 1601 1158 loca
1633 1108 2003 1173 perlustranda
2029 1116 2200 1158 totum
2228 1123 2286 1158 se
2322 1105 2621 1158 conuertit.
2652 1107 2696 1157 ls
2723 1104 2826 1156 fortis

951 1209 1005 1250 et
1030 1206 1282 1249 constans
1308 1198 1362 1248 in
1388 1207 1637 1263 suscepto
1657 1196 1878 1247 consilio
1896 1213 2104 1263 semper
2135 1196 2253 1259 fuit;
2277 1204 2331 1250 et
2350 1196 2593 1261 quanuis
2611 1196 2703 1247 iarn
2719 1203 2822 1246 tanto

953 1287 1114 1339 animi
1157 1287 1345 1340 ardore
1388 1298 1529 1339 esset
1572 1287 1842 1348 incensus,
1891 1285 2256 1348 niliilominuS‚
2301 1304 2364 1339 se
2408 1287 2588 1353 ipsum
2626 1287 2816 1351 frangens

948 1386 1109 1443 atque
1135 1393 1411 1444 superans,
1439 1377 1632 1428 adduci
1662 1378 1851 1443 potuit,
1883 1385 1940 1427 vt
1966 1376 2179 1443 publice
2212 1376 2600 1429 aristotelicam
2634 1375 2811 1442 philoso-

953 1467 1130 1534 phiam
1171 1484 1263 1533 per
1300 1477 1407 1518 tres
1449 1484 1619 1518 annos
1661 1483 1782 1518 cum
1825 1466 2046 1517 dimidio
2079 1467 2423 1533 profiteretur
2456 1467 2513 1517 in
2548 1466 2759 1531 collegiO,
2784 1461 2809 1513 si

953 1557 1119 1622 probe
1146 1556 1382 1618 memini,
1412 1557 1716 1609 beluacensi
1740 1561 1779 1607 ⁸.
1810 1558 1937 1622 Quo
1962 1556 2183 1623 egregie
2208 1556 2400 1608 functo
2424 1573 2661 1615 munere,
2693 1555 2734 1605 in
2758 1570 2811 1606 se·

952 1653 1157 1698 cretum
1183 1648 1448 1712 quendam
1482 1648 1657 1697 locum
1683 1664 1800 1698 sese
1825 1646 2047 1708 abdidit,
2079 1656 2136 1696 vt
2159 1646 2409 1707 orationi,
2446 1646 2677 1712 corporis
2702 1643 2809 1696 casti-

953 1735 1176 1802 gationi,
1224 1735 1543 1788 confessioni
1586 1745 1638 1787 et
1672 1753 1823 1788 sacro
1856 1735 2056 1788 Christi
2088 1736 2345 1788 conuiuio
2378 1735 2597 1789 assidue
2635 1746 2809 1794 vacareu

954 1824 1165 1890 saepius
1190 1842 1312 1876 cum
1342 1828 1402 1876 Ρ.
1436 1826 1661 1891 Ignatio,
1691 1843 1809 1876 raro
1839 1843 1962 1876 cum
1997 1825 2113 1878 aliis
2144 1825 2308 1878 sociis
2339 1825 2742 1878 communicans
2766 1824 2814 1875 At

953 1913 1009 1964 in
1034 1929 1255 1980 corpore
1281 1914 1566 1980 affligendo
1592 1915 1827 1976 incaut0‚
1855 1918 1950 1967 sed
1976 1915 2063 1981 pio
2088 1917 2323 1981 quodam
2352 1917 2569 1969 feruore
2592 1913 2815 1981 aliquando

953 2014 1253 2070 correptus,
1286 2004 1535 2056 funiculis
1555 2005 1740 2069 rigidis
1766 2005 1981 2071 quidem
2008 2014 2061 2057 et
2088 2005 2225 2059 inter
2251 2024 2311 2059 se
2335 2023 2395 2058 se
2422 2008 2562 2058 bene
2587 2001 2814 2071 colligatis,

953 2093 1028 2144 ita
1059 2095 1379 2146 lacertorum
1420 2104 1565 2145 toros
1597 2104 1651 2146 et
1682 2096 2001 2147 coxendices
2035 2095 2282 2162 religauit
2310 2097 2677 2155 vehementer,
2699 2091 2817 2144 vtin-

954 2192 1333 2246 tumescerent,
1361 2194 1415 2236 et
1440 2185 1797 2236 funiculorum
1822 2185 1908 2236 vix
1927 2187 2091 2237 vllum
2118 2195 2401 2253 appareret
2424 2185 2720 2253 vestigium:
2737 2193 2819 2234 tan-

955 2283 1148 2339 tusque
1173 2285 1287 2326 erat
1312 2284 1506 2337 tumor,
1537 2284 1592 2325 vt
1627 2292 1718 2327 eos
1752 2275 2098 2329 abscindendi
2126 2277 2270 2327 nulla
2305 2284 2453 2329 esset
2480 2293 2624 2343 spes.
2657 2271 2819 2327 Inten'n

956 2374 1132 2416 tamen
1156 2365 1314 2417 tiebat
1333 2365 1502 2416 oratio
1520 2383 1551 2416 a
1576 2366 1731 2417 sociis
1756 2383 1878 2417 cum
1900 2366 2105 2432 ingenti
2124 2366 2307 2417 dolore
2325 2383 2428 2432 pro
2445 2384 2533 2419 eo:
2557 2367 2649 2420 sed
2667 2367 2750 2417 hoc
2763 2363 2820 2414 in-

955 2456 1236 2505 commodo
1255 2456 1390 2505 duos
1413 2456 1520 2507 fere
1545 2456 1658 2507 dies
1678 2455 2015 2508 acerbissime
2034 2456 2279 2517 iactatus,
2303 2448 2675 2509 metuentibus
2688 2451 2819 2512 sociis.

953 2562 1022 2596 ne
1047 2545 1232 2595 saltem
1259 2546 1481 2596 alterum
1509 2546 1865 2607 brachiorum,
1895 2547 2038 2612 quod
2064 2546 2263 2597 arctius
2291 2546 2474 2598 fuerat
2498 2545 2817 2607 constrictum,

952 2633 1301 2695 scinderetur,
1326 2635 1583 2699 singulari
1611 2635 1708 2687 Dei
1731 2636 2087 2688 misericordia
2114 2638 2216 2703 (me
2235 2652 2465 2702 prorsus
2484 2636 2836 2703 ignorantem--

953 2723 1201 2789 pentinae
1227 2725 1466 2776 sanitatis
1494 2726 1767 2789 rationem)
1796 2727 1950 2791 plane
1969 2726 2259 2786 conualuit;
2290 2735 2347 2776 vt
2375 2735 2489 2778 tarn
2519 2726 2666 2778 multi
2688 2719 2836 2775 homi--

953 2829 1047 2864 nes
1075 2824 1185 2864 tum
1212 2814 1503 2876 christiani,
1537 2826 1645 2866 tum
1674 2833 1704 2866 a
1723 2815 1922 2866 Christi
1944 2816 2048 2867 fide
2073 2814 2248 2876 alieni,
2274 2817 2498 2867 tandem
2523 2816 2685 2884 ipsius
2702 2824 2826 2879 open.

951 2912 1004 2955 et
1030 2903 1306 2966 diligentia
1333 2905 1705 2969 sempiternam
1735 2906 2039 2957 felicitatem
2067 2914 2504 2970 assequerentur.
2537 2908 2651 2959 Deo
2678 2903 2806 2969 igitur·

951 2992 1116 3044 totius
1136 2994 1387 3045 bonitatis
1414 2994 1604 3057 autori,
1634 2990 1837 3061 gratiae
1863 3004 2090 3061 agantur
2121 2994 2389 3061 ingentes,

1055 3084 1323 3148 Quoniam
1353 3102 1479 3135 uero
1512 3084 1740 3135 diximus
1774 3094 1977 3151 patrem
2011 3088 2156 3137 hunc
2181 3085 2231 3135 in
2272 3094 2547 3138 secretum
2586 3087 2795 3137 locumsc-
2855 3140 2868 3144 -

949 3172 1193 3233 cessisse,
1224 3182 1279 3224 vt
1307 3175 1532 3226 orationi
1558 3175 1869 3240 diligentius
1896 3185 2127 3227 mentem
2154 3175 2479 3237 intenderet,
2517 3192 2619 3228 non
2640 3166 2789 3225 etita&

947 3280 1024 3324 re,
1048 3264 1177 3328 quid
1204 3264 1289 3314 alii
1317 3264 1472 3329 patri,
1496 3265 1668 3316 eidem
1690 3265 2026 3331 occupationi
2049 3265 2273 3328 intento,
2294 3265 2604 3333 contigerit,
2624 3258 2786 3314 11061οω
2847 3299 2870 3332 τ

948 3353 1199 3406 inserere.
1229 3356 1438 3405 Patrem
1467 3354 1631 3419 igitur
1656 3355 1835 3415 alium,
1861 3355 1914 3406 in
1940 3355 2189 3407 cubiculo
2207 3356 2400 3406 domus
2425 3355 2683 3407 cuiusdam
2701 3344 2783 3399 ciui!
2861 3403 2872 3421 ⁶,

946 3461 1004 3494 se
1031 3446 1097 3494 ad
1131 3444 1392 3510 expianda
1425 3445 1647 3495 crimina
1681 3447 1918 3511 generali
1959 3445 2297 3499 confessione
2330 3456 2621 3511 parantem,
2651 3450 2696 3491 vt
2712 3447 2781 3488 moe

1027 3564 1045 3585 '⁵
1104 3562 1320 3616 «Collega
1349 3563 1404 3603 de
1442 3563 1699 3617 Dormaus,
1735 3576 1793 3604 ou
1829 3562 1886 3604 de
1925 3557 2320 3612 Bemnvais‚-rue
2347 3557 2783 3617 Saint-Jean-de-Bm-

946 3630 1059 3682 vais,
1083 3645 1126 3672 n,
1151 3641 1192 3683 7,
1217 3630 1286 3673 fut
1308 3631 1443 3673 fonde
1461 3646 1518 3673 en
1540 3632 1644 3685 1365
1663 3646 1740 3687 par
1758 3633 1874 3687 Jean
1890 3632 1948 3675 de
1965 3634 2209 3684 Dorman8‚
2224 3631 2622 3688 cardinal-&eque
2634 3628 2681 3672 de

946 3700 1042 3742 vais
1064 3708 1110 3741 et
1130 3700 1442 3743 chancelier...
1467 3701 1515 3746 S.
1541 3701 1753 3755 Frang-,ois
1776 3702 1948 3744 Xavier
1969 3717 1999 3758 y
2021 3700 2279 3756 enseignait
2307 3702 2350 3744 la
2378 3699 2666 3757 philosophie,
2684 3710 2706 3751 q

940 3771 970 3814 il
994 3771 1211 3813 s'attacha
1234 3772 1256 3813 εἰ
1280 3771 1410 3813 Saint
1432 3774 1644 3825 lgnace.»
1671 3773 1899 3814 MEINDRE
1923 3772 2181 3829 Catalogue
2195 3774 2277 3815 des
2285 3773 2578 3829 principatur
2590 3769 2742 3824 00less

943 3842 1087 3882 Paris
1122 3855 1184 3882 au
1213 3842 1258 3881 X
1273 3842 1354 3882 Vle
1382 3842 1532 3898 siecle,
1563 3841 1683 3896 apud
1720 3842 1872 3896 PRAT,
1910 3843 2158 3885 Maldonai
2192 3846 2237 3886 et
2269 3842 2569 3885 l’universiw
2597 3841 2647 3882 de
2674 3830 2763 3879 PMi

941 3925 1046 3969 pag-
1069 3911 1167 3965 534·
