3788 4716
1005 640 1086 683 268
1724 640 1884 683 Episr.
1917 640 1968 682 P.
2001 640 2102 694 μμ

941 759 983 809 il
1008 759 1284 825 decalogo,
1315 760 1356 809 F
1361 757 1647 810 inalmente
1666 775 1832 824 penso
1853 759 1964 811 fare
1985 758 2215 809 alchune
2233 756 2562 810 exortatione
2578 757 2635 808 de
2649 757 2776 805 timen-

941 848 1030 899 dis
1056 847 1207 915 penis
1231 857 1286 900 et
1310 848 1587 914 sperandis
1611 848 1841 914 gaudiis:
1871 847 2027 914 depoi
2052 846 2169 899 sara
2206 847 2368 912 quelo
2405 848 2507 898 che
2542 844 2635 898 Dio
2661 840 2775 894 vorti.

950 937 1434 989 Incomminciando
1460 939 1571 989 fare
1595 938 1647 989 13
1672 937 1840 1004 prima
1857 937 2073 1003 predica
2089 938 2157 988 de
2177 936 2481 997 credendiS‚
2504 935 2551 987 ci
2570 935 2622 986 fu
2636 929 2781 987 tantala

941 1030 1132 1095 gente,
1161 1029 1265 1080 che
1290 1027 1341 1078 io
1368 1027 1438 1077 mi
1466 1028 1611 1080 fusse
1635 1036 1943 1078 contentato
1969 1029 2133 1081 haver
2158 1027 2205 1077 la
2233 1044 2382 1079 meza
2409 1034 2560 1094 parte
2576 1019 2782 1091 quandoio

951 1118 1233 1185 predicava
1260 1117 1311 1167 in
1339 1125 1526 1169 sancto
1553 1118 1767 1183 Angelo
1794 1118 1832 1168 ³.

987 1196 993 1204 ’
1057 1209 1144 1260 Me
1181 1206 1448 1259 rincresce
1480 1206 1502 1236 b
1533 1208 1601 1258 de
1632 1207 1789 1273 quela
1824 1224 1964 1259 nova
2000 1207 2104 1260 che
2147 1224 2233 1259 me
2273 1207 2399 1259 dete
2444 1208 2516 1257 M.
2564 1206 2787 1257 Franoeseo

946 1298 1142 1351 Strada
1167 1298 1186 1322 ⁴
1212 1298 1279 1348 de
1304 1297 1354 1347 la
1378 1296 1630 1348 infirmita
1654 1297 1739 1348 del
1763 1305 1945 1348 nostro
1972 1298 2034 1348 P.
2066 1296 2228 1348 Misse
2254 1295 2481 1363 Ignatio:
2505 1310 2646 1362 spero
2660 1289 2788 1344 mida-

950 1396 1063 1440 rete
1087 1396 1266 1453 presto
1298 1386 1679 1448 consolatione,
1717 1387 2029 1439 facendome
2066 1386 2311 1439 intendre
2346 1386 2469 1438 chel
2505 1385 2582 1436 sia
2614 1379 2787 1450 guarido·

950 1477 1116 1529 Molto
1142 1475 1386 1529 desidero
1411 1493 1557 1528 esser
1583 1477 1992 1527 raccomandato
2017 1493 2049 1527 a
2072 1477 2124 1527 le
2147 1475 2417 1543 seignorie
2441 1477 2509 1527 de
2533 1474 2569 1526 li
2595 1472 2692 1526 Rdi.
2712 1470 2791 1520 dot-

946 1565 1070 1629 tori‚
1092 1567 1225 1630 οἱοὲ,
1244 1567 1430 1617 doctor
1449 1568 1612 1619 Scoto
1635 1569 1672 1629 ⁵,
1688 1568 1908 1618 doctore
1928 1566 2081 1633 Inigo
2100 1567 2275 1633 Lopes
2292 1569 2334 1630 ⁵,
2349 1567 2570 1619 doctore
2589 1566 2755 1630 Arges⁶
2768 1558 2791 1615 ¹2

942 1658 1168 1709 doctore
1194 1657 1437 1720 Carrion3
1467 1674 1496 1707 a
1523 1657 1573 1708 la
1598 1657 1865 1724 seignoria
1898 1658 1986 1708 del
2018 1657 2237 1724 seignor
2269 1656 2555 1710 licentiado
2585 1657 2621 1718 ⁸;
2649 1671 2676 1705 a
2696 1650 2724 1703 li
2747 1646 2792 1698 si·

944 1747 1103 1814 gnori
1129 1750 1369 1814 Zappato
1393 1746 1417 1777 ‘¹
1453 1747 1577 1798 tutti
1612 1756 1711 1812 tre,
1747 1747 1881 1809 cioe,
1917 1748 2134 1815 seignor
2160 1748 2479 1809 FrancescO,
2508 1745 2700 1812 seignor
2717 1741 2792 1791 An·

947 1836 1156 1899 thoniog
1188 1846 1241 1889 et
1267 1836 1484 1904 seignor
1509 1837 1704 1901 Πίερος
1735 1855 1766 1889 3
1791 1839 1978 1889 misser
2006 1837 2254 1904 Philippo
2274 1836 2552 1898 massonis,
2576 1830 2794 1886 thesoriero

944 1927 1016 1978 de
1041 1936 1228 1978 sancto
1260 1928 1452 1993 Loyse;
1482 1927 1533 1978 al
1558 1927 1807 1994 seignore
1839 1927 2066 1979 Claudio
2103 1927 2325 1991 Sablon;
2363 1928 2415 1978 al
2447 1928 2655 1995 seignor
2677 1923 2794 1994 Johan

953 2016 1168 2069 Pietron
1190 2016 1467 2083 Troglieti;
1493 2018 1541 2069 al
1561 2017 1745 2083 signer
1764 2016 2022 2069 canonico
2040 2017 2352 2084 monsignor
2364 2019 2564 2087 Johan,
2582 2012 2796 2069 sachrista-

949 2122 1023 2157 no
1044 2107 1111 2158 de
1135 2115 1324 2157 sancto
1351 2088 1648 2168 Salvatore;
1671 2116 1724 2159 et
1744 2108 2144 2174 generalmente
2169 2125 2199 2159 a
2227 2107 2352 2158 tutti
2378 2107 2416 2157 li
2441 2107 2597 2160 amici
2614 2097 2796 2157 nostride

941 2212 1073 2248 casa
1098 2205 1152 2248 et
1179 2197 1291 2247 fora
1316 2197 1383 2248 de
1410 2212 1549 2248 casa.

1052 2288 1133 2338 De
1162 2288 1371 2348 Bressa,
1402 2300 1467 2350 27
1493 2287 1561 2340 de
1587 2286 1914 2339 Novembrio
1947 2300 2094 2351 1540.

2072 2378 2368 2431 CLAUmth
2398 2379 2587 2446 JAmS.

1055 2465 1245 2518 Misser
1273 2467 1648 2518 Bartholomeo
1674 2468 1840 2519 Stella
1866 2483 1950 2518 me
1975 2469 2044 2517 ha
2068 2468 2265 2519 lassato
2286 2476 2438 2519 tanto
2456 2461 2798 2519 raccomandato

1032 2627 1053 2658 b
1112 2625 1323 2667 rincrebe
1345 2628 1545 2680 autogr.
1611 2637 1685 2658 -0
1716 2625 1810 2678 Sic,
1827 2629 1920 2681 pro
1943 2625 2080 2667 Arce.
2142 2627 2217 2658 -d
2249 2626 2344 2678 Sic,
2361 2629 2456 2681 pro
2477 2626 2662 2681 Zapata.

1032 2744 1049 2767 ³
1108 2743 1271 2785 «Anno
1296 2742 1401 2796 1538
1424 2750 1526 2798 post
1545 2743 1941 2800 quadragesimam
1964 2743 2058 2799 jam
2087 2757 2247 2786 omnes
2278 2743 2390 2787 socii
2420 2743 2613 2786 Romam
2637 2743 2803 2786 convess·

942 2819 1100 2855 tant...
1125 2819 1172 2854 et
1194 2826 1311 2868 pene
1333 2826 1492 2855 omnes
1526 2813 1689 2855 eodem
1712 2820 1918 2868 tempore
1942 2814 1988 2855 in
2015 2812 2213 2855 diversis
2234 2812 2457 2855 Ecclesiis
2489 2807 2730 2856 concionari
2749 2803 2805 2847 R0·

947 2895 1046 2924 mae
1067 2889 1382 2938 coeperunt...
1407 2882 1626 2925 Claudius
1653 2882 1774 2938 apud
1804 2883 2023 2925 Sanctum
2054 2881 2393 2927 Ludovieum...
2418 2881 2579 2925 Simon
2608 2878 2714 2938 apud
2733 2875 2805 2918 Sss·
2861 2874 2865 2926 Ι

939 2958 1070 2994 etum
1093 2953 1408 3005 Angelum...»
1431 2951 1714 3004 Poenicus,
1751 2952 1857 2994 Vita
1878 2952 2064 3008 Ignatii
2089 2952 2302 3008 Loyolae,
2324 2964 2428 3007 pag.
2450 2951 2526 3005 64.
2556 2953 2624 2994 Ex
2650 2951 2722 2993 hoc
2743 2946 2807 3013 1⁰09
2858 2970 2865 3005 ·:

941 3021 1121 3064 eruitur
1143 3021 1294 3076 Jajum
1315 3034 1433 3064 anno
1459 3021 1563 3074 1538
1586 3035 1676 3064 non
1697 3021 1818 3076 apud
1839 3021 2058 3064 Sanctum
2089 3022 2334 3077 Angelum,
2365 3020 2449 3063 sed
2477 3020 2536 3064 ad
2565 3021 2616 3065 S.
2645 3011 2807 3062 Ludovin

939 3091 1265 3133 concionatum
1293 3090 1453 3133 fuisse.
1478 3091 1541 3132 At
1575 3104 1680 3132 cum
1716 3091 1928 3146 sequenti
1962 3104 2083 3133 anno
2117 3091 2277 3134 Simon
2311 3089 2459 3132 Senes
2486 3103 2594 3132 cum
2625 3078 2809 3132 Paschasio

946 3161 1109 3203 Broiito
1133 3159 1299 3202 missus
1321 3159 1477 3215 fuerit,
1498 3159 1616 3202 forte
1637 3161 1737 3214 ejus
1761 3162 1886 3202 vices
1906 3160 2210 3203 concionandi
2230 3158 2348 3215 apud
2370 3159 2418 3203 S.
2452 3160 2682 3214 Angelum
2704 3160 2810 3199 susce·

947 3229 1031 3284 pit,
1052 3229 1174 3285 quod
1195 3243 1252 3272 ex
1269 3230 1396 3272 hisce
1419 3229 1574 3272 verbis
1597 3230 1687 3284 Jaji
1708 3229 1929 3284 suspicari
1948 3230 2073 3272 licet.

1030 3302 1045 3325 ⁴
1106 3299 1306 3342 «Eodem
1327 3298 1566 3353 [Brixiam.
1589 3299 1784 3353 scilicet]
1805 3306 1852 3341 et
1873 3299 1908 3340 F
1912 3299 2144 3342 ranciscus
2167 3298 2344 3354 Strada,
2367 3297 2671 3342 valedicendo
2694 3288 2817 3339 Montis

946 3367 1157 3410 Politiani
1178 3368 1376 3421 civibus,
1400 3369 1486 3410 sub
1503 3368 1637 3423 hujus
1653 3367 1759 3409 anni
1779 3368 1957 3411 initium
1974 3369 2139 3411 missus
2157 3369 2350 3412 fuerat.»
2367 3368 2657 3423 POLANCUS,
2673 3364 2822 3409 chron..

949 3436 987 3491 1,
1008 3436 1078 3490 84.

1027 3508 1043 3533 ⁵
1104 3507 1272 3549 Doctor
1294 3507 1525 3549 Robertus
1550 3507 1806 3564 VVauchop,
1829 3521 1855 3549 a
1876 3507 2020 3563 patria
2043 3507 2210 3550 Scotus
2230 3507 2393 3550 dictus,
2419 3506 2491 3548 De
2507 3518 2569 3549 eo
2584 3518 2733 3549 sermo
2745 3500 2829 3547 infr!

944 3574 1133 3617 redibit.

1023 3647 1042 3672 '³
1100 3646 1270 3687 Doctor
1291 3645 1499 3700 Ignatius
1517 3646 1686 3701 Lopez,
1712 3645 1932 3700 medicus,
1956 3646 2099 3688 sacris
2119 3644 2592 3689 commentationibus
2618 3646 2786 3690 Romne
2799 3643 2841 3686 ab

940 3714 1119 3768 [gnatio
1139 3714 1196 3755 de
1220 3715 1391 3770 Loyola
1413 3717 1643 3758 excultus.
1670 3715 1953 3768 POLANCUS,
1990 3716 2093 3756 Vita
2116 3715 2301 3771 Ignatii
2324 3714 2540 3769 Loyolae,
2564 3728 2672 3772 pag.
2692 3719 2767 3770 64.

1023 3787 1038 3809 ⁷
1100 3784 1269 3827 Doctor
1287 3784 1598 3839 Hieronymus
1613 3784 1671 3826 de
1690 3785 1823 3838 Arce,
1836 3784 1894 3826 de
1910 3798 2000 3840 quo
2020 3784 2125 3827 vide
2142 3785 2437 3839 POLANCUM,
2456 3785 2548 3828 loc.
2566 3786 2667 3842 eit.‚
2682 3799 2784 3843 pag.
2796 3784 2852 3838 65-

1021 3856 1038 3876 ⁵⁴
1099 3853 1327 3895 Antonius
1350 3852 1407 3895 de
1427 3855 1594 3907 Araoz,
1615 3854 1689 3895 hic
1712 3853 1900 3896 indicari
1931 3853 2128 3906 videtur,
2153 3854 2443 3909 licenciatus,
2466 3861 2515 3898 et
2536 3855 2747 3901 nondum
2766 3864 2860 3900 tum

937 3922 1158 3977 temporis
1179 3922 1436 3965 sacerdotio
1458 3923 1682 3966 initiatus.
