3788 4716
1459 633 1622 675 Emsr.
1655 643 1834 687 45.-21
1871 634 1996 688 Jutn
2032 644 2132 688 1551
2618 635 2701 691 369

905 742 1103 802 fredato
1125 768 1281 828 verse
1305 751 1358 802 di
1384 750 1473 803 noi
1499 751 1544 803 si
1568 753 1600 803 e
1625 753 1675 805 la
1699 752 1893 819 partita
1916 753 1984 803 de
2002 753 2111 804 don
2135 755 2364 806 Alfonso
2383 770 2413 806 e
2440 753 2562 817 mia,
2587 756 2754 807 maxi-

903 847 934 882 *e
950 835 1195 893 hauendo
1218 842 1402 894 scritto
1427 844 1477 894 al
1504 859 1641 909 papa
1666 859 1763 908 per
1786 844 1837 894 la
1861 844 2280 909 perseuerantia,
2309 854 2429 898 etc:

954 924 1202 997 Secondofi,
1231 919 1318 983 mi¹
1326 950 1454 1000 pare
1487 934 1687 985 hauere
1711 933 2066 1000 cognosciuto
2091 936 2191 986 che
2223 934 2259 985 li
2286 935 2492 987 doctori
2517 936 2572 986 in
2606 937 2748 1003 lege,

903 1016 1160 1074 ntendendo
1185 1023 1286 1074 che
1310 1023 1397 1074 alli
1425 1021 1669 1090 theologi
1693 1041 1752 1076 se
1776 1023 1967 1075 voleua
1994 1023 2104 1076 fare
2136 1023 2386 1091 collegio,
2423 1026 2606 1076 hanno
2630 1041 2752 1077 cer-

903 1097 1013 1156 :hato
1026 1111 1113 1163 che
1129 1111 1303 1178 questi
1322 1111 1569 1166 beneficii
1593 1123 1647 1165 et
1674 1111 1889 1181 priorati
1916 1115 2117 1165 fossero
2136 1112 2288 1176 vuiti,
2311 1130 2419 1166 non
2445 1115 2496 1166 al
2520 1115 2750 1183 collegio

903 1184 1172 1325 dtsntheologi,
1202 1219 1288 1253 ma
1313 1203 1379 1254 de
1418 1211 1555 1255 tutta
1587 1204 1640 1253 la
1671 1203 1981 1266 vniuersita,
2018 1203 2134 1256 acii)
2167 1204 2279 1255 loro
2311 1206 2602 1260 hauessero
2637 1199 2750 1257 the—

903 1288 928 1337 g
941 1285 1014 1336 lori
1034 1291 1189 1345 salari.

1748 1401 1830 1463 45
1991 1402 1999 1411 '

1245 1503 1464 1554 PATRI
1503 1503 1812 1555 IGNATIO
1851 1504 1948 1554 DE
1986 1502 2290 1553 LOYOLA

1378 1621 1689 1664 vmmssom,
1720 1612 1787 1667 [21
1821 1622 1942 1664 jum
1969 1620 2070 1665 1551
2096 1610 2133 1666 Ρ]
2156 1612 2185 1653 ¹.

903 1695 1103 1750 flitteris
1118 1709 1311 1765 favoris
1335 1724 1366 1752 a
1400 1723 1511 1767 rege
1540 1722 1851 1752 romanorum
1872 1713 1964 1766 pro
1984 1709 2086 1765 ejus
2110 1722 2270 1752 sorore
2293 1709 2457 1752 filcaria
2483 1710 2743 1765 impetran-

904 1764 1231 1822 “Q—Sacrae
1250 1780 1511 1836 theologiae
1531 1779 1693 1821 studia
1719 1792 1802 1821 rex
1831 1779 2165 1821 Ferdinandus
2191 1778 2244 1822 in
2276 1777 2611 1821 vindobonensi
2635 1791 2742 1821 aca-

903 1833 1065 1884 demin
1096 1846 1369 1891 instaurare
1397 1847 1858 1904 cupit.—Doctorem
1886 1847 2028 1902 hujus
2046 1847 2305 1904 facultatis
2330 1850 2375 1891 et
2399 1847 2693 1890 scholasticos
2717 1861 2745 1890 e

903 1902 1134 1960 *Weiate
1165 1917 1483 1960 Vindobonam
1505 1918 1635 1960 mitti
1649 1917 1862 1972 postulat
1871 1917 2034 1972 Jajus.
2104 1910 2109 1914 ’

922 2001 1001 2140 ξι
1034 2014 1207 2076 gratia
1238 2024 1291 2067 et
1323 2031 1454 2081 pace
1488 2016 1573 2079 del
1606 2014 1824 2082 signore
1868 2016 1984 2066 Iesu
2019 2014 2235 2066 Christo
2271 2015 2349 2066 sia
2388 2032 2599 2081 sempre
2633 2031 2738 2066 con

974 2131 990 2143 .
1019 2098 1085 2153 Ρ,

934 2180 1096 2243 Multo
1121 2195 1258 2248 Rdo.
1289 2196 1460 2247 Padre
1487 2195 1541 2245 in
1565 2195 1799 2247 Christo,

945 2269 1013 2324 Μ·
1038 2279 1256 2336 Nicolao
1281 2285 1349 2336 de
1373 2286 1559 2352 Lonay
1583 2295 1606 2315 ³²
1636 2284 1814 2336 scriue
1854 2286 1993 2336 assai
2024 2284 2396 2339 diffusamente
2428 2287 2495 2338 de
2528 2287 2579 2340 le
2612 2303 2736 2338 cose

903 2366 1034 2429 ”snei
1065 2374 1237 2438 percit>
1275 2376 1569 2428 solamente
1606 2377 1858 2427 toccharb
1896 2375 2036 2428 nella
2072 2385 2319 2442 presente
2353 2376 2441 2428 doi
2484 2377 2652 2443 ponti.
2696 2377 2733 2427 11

903 2447 1011 2505 trimo
1029 2460 1067 2512 si
1086 2464 1112 2515 ὲ
1137 2482 1168 2516 a
1189 2462 1330 2516 circa
1355 2465 1407 2516 la
1431 2466 1622 2518 lettera
1644 2466 1699 2516 di
1727 2466 1910 2516 fauore
1934 2465 2021 2517 del
2054 2483 2119 2521 re,
2142 2466 2242 2517 alla
2279 2466 2464 2533 regina
2499 2466 2663 2518 Maria
2690 2469 2727 2517 ”·”.

905 2546 1017 2598 ”anzi
1035 2553 1121 2607 che
1146 2555 1195 2606 io
1227 2554 1462 2621 parlasse
1488 2573 1517 2607 a
1544 2557 1599 2607 S.
1628 2558 1700 2607 M.
1731 2557 1797 2606 de
1833 2564 2021 2621 questa
2057 2573 2217 2622 opera
2251 2555 2354 2622 pia,
2393 2555 2462 2607 mi
2489 2573 2643 2621 pax-se
2678 2557 2731 2606 (11

903 2647 1154 2678 xg—

935 2728 953 2751 ²
995 2724 1073 2776 Sic,
1088 2733 1178 2783 pro
1199 2729 1357 2784 Lanoy
1375 2729 1449 2772 hic
1467 2733 1510 2771 et
1533 2729 1687 2785 infra.

903 2803 1147 2832 *-

931 2877 940 2900 ¹
984 2880 1044 2922 Ex
1075 2884 1368 2938 autographo,
1400 2882 1446 2924 in
1474 2882 1631 2925 codiee
1663 2883 1813 2938 Epist..
1837 2884 2006 2933 Fabri,
2035 2883 2145 2938 saji
2170 2888 2213 2925 et
2241 2884 2404 2934 Broet,
2427 2881 2599 2938 duplici
2630 2882 2725 2935 fol„

904 2947 984 3003 103,
998 2951 1117 3006 prius
1133 2951 1229 2993 166.
1254 2951 1365 2993 Pars
1381 2951 1517 3006 hujus
1532 2951 1754 3008 epistolae
1772 2951 1893 2994 edita
1911 2961 1981 2994 est
1998 2966 2023 2994 a
2045 2954 2338 3006 B03R0,10c.
2356 2952 2455 3003 eit.,
2474 2965 2609 3008 pagg.
2633 2961 2727 3005 194-

903 3010 927 3059 3.
956 3017 1130 3063 Oblitus
1157 3020 1245 3062 fuit
1270 3022 1419 3063 bonus
1449 3022 1499 3064 P.
1530 3020 1749 3064 Claudius
1773 3022 1958 3064 notandi
1989 3029 2184 3078 tempus,
2222 3035 2312 3078 quo
2340 3022 2457 3064 hanc
2486 3020 2725 3077 epistolam

903 3089 1035 3139 travia
1055 3089 1136 3131 sed
1158 3089 1204 3131 ni
1224 3089 1423 3132 fallimur
1443 3089 1517 3132 die
1540 3100 1588 3131 21
1613 3091 1725 3145 Julii
1745 3091 1852 3134 anni
1878 3102 1979 3145 1551
2004 3092 2171 3146 scripta
2197 3089 2302 3143 fuit3
2325 3104 2447 3145 nam,
2475 3091 2639 3146 primo,
2668 3105 2726 3133 ex

903 3170 953 3199 ·us
970 3158 1016 3200 in
1036 3171 1090 3201 ea
1109 3159 1330 3219 enar-ratis
1351 3158 1409 3201 de
1429 3158 1565 3202 domo
1587 3159 1844 3202 mundanda
1865 3168 1911 3202 et
1933 3160 1989 3202 ad
2010 3159 2307 3203 habitandum
2328 3159 2629 3216 disponenda,
2651 3173 2725 3216 pa-

903 3239 984 3270 non
1000 3229 1144 3270 multo
1159 3236 1262 3284 post
1277 3228 1527 3272 adventum
1544 3229 1784 3285 sodalium,
1803 3231 1946 3272 Roma
1963 3229 2280 3272 Vindobonam
2297 3230 2557 3284 missorum,
2573 3229 2726 3272 datam

903 3310 964 3342 se.
988 3298 1060 3340 lni
1080 3306 1235 3340 autem
1257 3298 1447 3340 ineunte
1469 3312 1626 3341 mense
1647 3299 1788 3354 Junio
1810 3299 2129 3342 vindobonam
2149 3299 2420 3353 attigerunt.
2437 3298 2510 3342 Cf.
2534 3298 2727 3342 POLAN·

903 3376 925 3422 .',
948 3366 1143 3419 chron„
1164 3368 1226 3422 11,
1249 3367 1347 3409 268.
1370 3367 1629 3420 Praeterea,
1652 3369 1699 3410 in
1719 3368 1912 3424 quadam
1934 3369 2128 3424 epistola
2150 3369 2201 3410 S.
2223 3367 2407 3423 Ignatii,
2424 3367 2500 3410 die
2515 3367 2542 3410 8
2564 3368 2724 3423 Augu-

909 3446 986 3491 551
1009 3436 1134 3490 data,
1154 3450 1273 3493 quae
1294 3438 1489 3479 habetur
1510 3437 1555 3479 in
1576 3436 1734 3479 codice
1759 3439 2009 3490 Polcmcus,
2036 3438 2186 3494 Epist.
2211 3438 2259 3479 S.
2291 3438 2348 3479 Ρ.
2380 3434 2559 3494 Ignat„
2581 3451 2626 3479 n.
2650 3436 2724 3490 31,

903 3505 1104 3549 ondetur
1131 3508 1270 3549 rebus
1299 3506 1345 3548 in
1373 3507 1457 3548 hae
1488 3508 1681 3562 epistola
1709 3507 1939 3550 contentis
1973 3507 2100 3550 hisee
2130 3507 2300 3550 verbis:
2335 3508 2449 3549 «Per
2481 3507 2635 3564 quelle
2664 3507 2724 3549 de

903 3578 930 3623 t,
955 3575 1016 3618 de
1038 3585 1086 3617 21
1111 3575 1169 3617 de
1190 3575 1374 3631 Luglio,
1396 3577 1454 3617 ha
1475 3576 1625 3618 inteso
1647 3577 1703 3618 N.
1729 3577 1780 3619 P.
1801 3577 1883 3619 M.⁰
1905 3576 2084 3631 Ignatio
2106 3577 2148 3619 la
2170 3577 2425 3619 intentione
2443 3581 2571 3618 tanto
2592 3583 2724 3618 santa

903 3661 912 3688 ι
934 3645 1113 3687 maesta
1133 3644 1208 3687 del
1229 3658 1280 3687 re
1300 3644 1358 3687 de
1381 3644 1613 3687 riforrnare
1635 3647 1744 3688 nell'
1763 3645 2014 3688 vniuersitix
2030 3645 2089 3687 de
2107 3646 2252 3687 Viena
2273 3645 2304 3687 li
2321 3644 2461 3687 studii
2476 3644 2534 3687 de
2552 3646 2722 3687 theolo—

904 3732 950 3757 ,η
972 3721 1088 3768 ete.,
1110 3728 1229 3771 quae
1251 3715 1355 3757 huie
1377 3714 1466 3769 Jaji
1487 3715 1710 3770 epistolae
1727 3716 1860 3771 plane
1881 3714 2179 3757 conveniunt.
2202 3714 2337 3758 Unde
2354 3721 2425 3757 sat
2444 3715 2565 3757 clare
2586 3728 2720 3770 appa-

903 3798 985 3828 am
1006 3781 1085 3825 die
1107 3792 1156 3825 21
1182 3783 1295 3838 Julii
1322 3794 1335 3825 1
1344 3794 1420 3836 551
1446 3783 1598 3826 datam
1626 3783 1786 3826 fuisse.
1810 3784 1882 3827 Cf.
1907 3785 2198 3839 Pomxcnu,
2220 3784 2414 3837 Chron„
2437 3784 2497 3836 11,
2518 3793 2615 3837 271.

948 3851 1115 3905 Maria,
1137 3851 1297 3907 regina
1317 3853 1582 3908 Bohemiae,
1604 3866 1731 3895 soror
1751 3854 1876 3907 regis
1899 3865 2199 3907 romanorum,
2227 3852 2319 3895 filia
2340 3852 2491 3895 Caroli
2516 3854 2556 3895 V
2578 3854 2721 3910 ignpe-

907 3936 970 3965 13.

1001 3996 1143 4031 Eun.
1167 3997 1215 4030 P.
1243 3996 1405 4035 Βιοεῐι,
1431 4006 1518 4031 mc.
2466 3999 2509 4031 24
