3788 4716
998 606 1079 677 4Q2
1559 604 1608 646 Ρ.
1646 605 1903 648 Ronemcn
1934 605 2258 669 Mortuum-rra

942 723 1418 785 commendandu5‚
1448 739 1568 773 cum
1607 724 1764 773 Patre
1793 724 1985 785 Fabro,
2015 740 2171 789 quem
2199 733 2470 776 maturare
2497 723 2694 775 Parisiis
2712 740 2819 790 pro*

942 812 1225 866 sectionem
1252 812 1511 870 audierat,
1540 812 1608 865 de
1634 812 1858 864 caeteris
1883 812 2043 864 sociis
2068 813 2199 864 nihil
2223 813 2353 865 dum
2383 815 2488 866 tale
2508 830 2809 881 cognoscem,

944 904 1016 954 ita
1043 912 1125 956 est
1150 904 1423 968 loquutus:
1458 904 1692 954 «Verum
1720 920 1786 954 ne
1810 902 1877 954 de
1911 912 1963 954 te
1989 902 2168 964 audio,
2198 904 2394 956 Faber?
2432 911 2491 954 tu
2526 921 2593 956 ne
2629 902 2817 956 Parisios

941 993 1234 1059 relinques?
1260 1002 1317 1043 tu
1344 992 1558 1045 Lutetia
1587 1001 1735 1043 tanto
1760 1009 1881 1043 cum
1913 992 1988 1043 tui
2015 992 2174 1044 animi
2201 993 2484 1060 dispendio
2516 993 2702 1046 abibis?
2727 995 2814 1060 Ego

944 1083 1185 1149 profecto
1221 1083 1297 1134 sic
1340 1082 1594 1144 arbitror,
1632 1091 1684 1134 te
1720 1082 1834 1134 sine
1872 1081 2051 1151 lethali
2089 1083 2249 1149 culpa
2287 1083 2411 1135 hinc
2449 1083 2713 1137 discedere
2738 1098 2814 1134 non

942 1190 1117 1239 posse,
1146 1189 1268 1224 cum
1296 1171 1649 1223 certissimum
1677 1171 1858 1222 multis
1889 1171 2194 1225 hominibus
2222 1172 2515 1225 remedium
2551 1174 2759 1232 auferas¹
2779 1179 2814 1224 et

942 1263 996 1313 in
1033 1263 1235 1316 incerta
1267 1262 1492 1313 aliorum
1528 1262 1801 1312 hominum
1847 1262 2020 1314 salute
2053 1279 2270 1328 operam
2310 1280 2514 1328 ponere
2548 1263 2811 1315 contendas.

944 1354 1134 1418 Neque
1161 1354 1267 1403 hoc
1292 1351 1481 1404 leuiter
1505 1351 1611 1402 dici
1636 1369 1668 1402 a
1695 1369 1778 1404 me
1805 1361 1978 1417 pute53
2007 1351 2050 1403 si
2087 1351 2228 1404 enirn
2263 1353 2434 1415 voles,
2466 1354 2724 1406 uniuersis
2748 1369 2814 1419 pa·

944 1442 1255 1494 risiensibus
1286 1442 1338 1492 in
1378 1441 1645 1504 theologia
1680 1442 1932 1492 facultate
1964 1442 2274 1494 doctoribus
2307 1443 2643 1504 conuocatis,
2679 1443 2724 1493 id
2752 1441 2815 1493 tibi

946 1531 1256 1583 firmissimis
1283 1530 1545 1582 rationum
1574 1530 1848 1597 praesidiis
1873 1531 2254 1582 confirmabam
2294 1532 2494 1584 Diuina
2530 1542 2702 1585 tamen
2730 1550 2815 1599 pro·

944 1621 1179 1673 uidentia
1205 1622 1367 1685 longe
1391 1621 1532 1672 aliud
1561 1620 1932 1674 constituerat.
2467 1600 2478 1612 ⁰

1047 1712 1262 1764 Accidit
1294 1728 1509 1777 quoque
1542 1711 1643 1760 sub
1678 1710 1812 1761 idem
1850 1718 2078 1777 tempus,
2107 1713 2234 1763 dum
2265 1712 2647 1779 profectionem
2682 1722 2818 1780 patres

942 1813 1211 1869 pararent,
1241 1811 1296 1851 vt
1324 1801 1624 1867 insperatus
1660 1801 2019 1867 pompeiopoli
2048 1801 2269 1853 nuntius
2296 1804 2361 1854 ad
2391 1804 2680 1855 Xauerium
2707 1801 2815 1855 veni-

944 1903 1043 1955 ret,
1073 1892 1164 1958 qui
1192 1891 1368 1944 retulit
1394 1892 1621 1943 electum
1647 1890 1820 1957 ipsum
1843 1907 1961 1942 esse
1987 1891 2039 1942 in
2067 1892 2386 1943 canonicum
2420 1894 2680 1945 ecclesiae
2704 1908 2817 1959 pom·

946 1983 1351 2049 peiopolitanae.
1380 1982 1536 2046 Quae
1572 1982 1705 2032 forte
1733 1998 1815 2032 rer-
1850 1981 2081 2032 instabili
2114 1991 2168 2035 et
2201 1983 2482 2034 fluctuanti
2528 1983 2720 2034 homini
2749 1980 2817 2032 ali-

946 2089 1104 2138 quam
1132 2074 1322 2124 afferre
1349 2071 1802 2137 perturbationem
1830 2081 2030 2137 posset.
2060 2073 2135 2123 At
2162 2072 2247 2123 ille
2280 2075 2415 2125 haec
2446 2072 2550 2125 iam
2576 2082 2632 2124 et
2662 2072 2817 2124 maiora

946 2162 1048 2213 alia
1074 2179 1169 2227 pro
1195 2161 1359 2212 nihilo
1385 2163 1682 2227 reputabat.
1711 2163 1861 2213 Haec
1886 2170 2032 2222 sunt,
2061 2178 2199 2227 quae
2226 2163 2463 2215 breuiter
2487 2164 2555 2214 de
2578 2160 2818 2216 societatis

946 2252 1180 2303 ineuntis
1218 2253 1378 2304 rebus
1417 2251 1657 2303 Lutetiae
1697 2251 1921 2317 primum
1967 2251 2136 2317 gestis
2179 2253 2328 2318 potui
2372 2251 2636 2312 scrihere;
2682 2251 2817 2301 omnia

943 2359 1129 2393 eorum
1157 2341 1354 2391 iudicio
1385 2340 1744 2400 committenS,
1773 2339 1864 2403 qui
1899 2358 1962 2393 ea
1994 2340 2198 2393 firmius
2234 2341 2487 2393 memoria
2523 2339 2814 2393 retinuerint.

1051 2434 1213 2482 Posse
1241 2430 1494 2497 hispanos
1519 2430 1762 2481 homines
1787 2429 2016 2481 Galliam
2047 2425 2291 2493 transire,
2320 2448 2443 2482 cum
2473 2441 2677 2483 tantum
2701 2430 2817 2483 arde-

946 2531 1023 2574 ret
1053 2522 1246 2572 bellum
1273 2521 1412 2571 inter
1440 2536 1595 2585 reges
1622 2519 1739 2570 illos
1768 2519 2182 2585 potentissimos,
2210 2521 2428 2574 difficile
2462 2523 2734 2572 admodum
2760 2518 2817 2567 vi-

941 2613 1185 2663 debatur.
1218 2610 1283 2663 Βν
1312 2610 1668 2661 Nihilominus
1702 2626 1756 2660 rc:
1790 2609 2143 2671 considerata,
2173 2610 2345 2660 visum
2383 2621 2466 2662 est
2492 2613 2660 2662 tutius
2693 2610 2774 2663 iter
2796 2624 2817 2659 e

941 2702 1116 2753 Gallia
1138 2701 1187 2751 in
1216 2701 1470 2751 ducatum
1503 2698 1897 2764 l,‹·›tharingiae‚
1923 2716 2060 2765 quae
2085 2716 2185 2752 nec
2211 2718 2241 2751 a
2268 2700 2445 2764 gallis,
2470 2718 2569 2753 nec
2596 2702 2662 2752 ab
2680 2700 2817 2765 hispa-

943 2791 1024 2841 nis
1048 2790 1357 2848 dissidebat,
1386 2790 1479 2841 sed
1508 2789 1744 2853 Vtrisque
1769 2798 1883 2839 erat
1903 2788 2168 2840 amicitiae
2191 2790 2401 2841 saedere
2423 2791 2720 2841 coniuncta.
2741 2790 2817 2839 Re-

941 2881 1032 2946 gio
1067 2882 1199 2931 haec
1237 2880 1463 2945 quadam
1502 2897 1565 2928 ex
1606 2891 1754 2944 parte
1787 2879 2035 2940 Galliam,
2065 2897 2129 2929 ex
2169 2881 2334 2931 altera
2375 2880 2597 2945 Belgiae
2631 2878 2820 2931 ditiones

941 2972 1196 3036 quazdam
1227 2969 1460 3031 attingit,
1492 2979 1579 3033 3.¹¹¹
1608 2986 1735 3019 vero
1760 2968 1875 3019 eius
1901 2969 2040 3019 latus
2061 2968 2327 3021 Heluetiis
2353 2978 2436 3021 est
2456 2969 2706 3020 vicinum.
2733 2968 2820 3018 Hac

942 3070 1119 3111 autem
1166 3061 1471 3110 statuebant
1508 3068 1682 3124 patres
1715 3057 2057 3108 Germaniam
2094 3057 2320 3124 ingredi,
2361 3075 2457 3124 per
2490 3076 2650 3124 quam
2688 3063 2738 3110 et
2760 3053 2820 3105 hi-

942 3151 1093 3217 spani
1133 3160 1186 3200 et
1224 3148 1349 3211 galli
1387 3144 1583 3200 habere
1611 3148 1709 3198 iter
1749 3156 2009 3212 12¹›terant;
2052 3148 2271 3214 longum
2310 3148 2442 3198 illud
2481 3148 2720 3213 quidem,
2754 3143 2823 3195 sed

942 3240 1100 3306 paulo
1138 3239 1320 3290 tutius.
1360 3240 1495 3290 Nam
1536 3237 1764 3304 spatium
1805 3237 1920 3287 illac
1959 3237 2368 3300 conficiendum,
2402 3238 2625 3290 Parisiis
2663 3236 2825 3289 ltaliam

945 3348 1148 3390 uersus',
1179 3338 1292 3381 erat
1312 3330 1478 3379 instar
1499 3327 1697 3378 lunaris
1716 3326 2053 3388 semicirculi,
2077 3336 2170 3378 aut
2189 3328 2415 3377 duorum
2445 3328 2675 3381 luterum
2696 3319 2827 3377 trian-

942 3420 1073 3487 gulfi
1103 3437 1243 3474 cum,
1273 3419 1316 3469 si
1344 3429 1487 3470 recta
1516 3419 1844 3483 pergendum
1873 3426 2034 3480 esset,
2062 3434 2225 3468 vnum
2251 3417 2516 3469 duntaxat
2556 3420 2697 3470 latus
2726 3432 2829 3468 con-

942 3510 1227 3561 ficiendum
1255 3518 1496 3560 restaret.
1536 3510 1736 3560 Verum
1772 3507 2091 3558 necessitate
2128 3507 2294 3558 coacti
2325 3507 2562 3574 longum
2590 3509 2716 3560 illud
2739 3507 2833 3560 iter,

941 3602 1036 3652 secl
1061 3601 1336 3666 aliquanto
1364 3599 1626 3655 securius,
1655 3597 1882 3663 ingressi
1910 3607 2055 3647 sunt.

1048 3693 1104 3742 In
1131 3693 1274 3742 hunc
1301 3700 1478 3741 autem
1506 3691 1720 3739 modum
1747 3697 1924 3754 patres
1949 3687 2166 3739 Parisiis
2185 3686 2407 3754 profecti
2438 3699 2591 3753 suntg
2615 3691 2839 3754 oblonga,

939 3783 1034 3833 sed
1069 3781 1191 3831 trita
1224 3789 1390 3840 veste,
1429 3779 1479 3829 in
1515 3780 1732 3829 modum
1780 3777 2144 3844 parisiensium
2189 3777 2675 3843 scholasticorum,
2720 3781 2843 3831 ibant

939 3872 1129 3923 induti:
1161 3871 1405 3923 manibus
1437 3870 1720 3932 gestabant
1753 3869 1990 3929 baculos;
2022 3869 2205 3934 galero
2234 3868 2388 3920 tectis
2420 3871 2716 3937 capitibus;
2744 3886 2848 3937 pro·
