3788 4716
1011 630 1092 674 306
1640 672 1644 675 .
1724 633 1885 675 EPJST.
1917 632 1969 674 Ρ.
2001 633 2101 689 JAjl

1882 755 1944 816 16

1372 857 1589 908 PATRI
1640 857 1946 908 IGNATIO
1997 856 2094 908 DE
2138 858 2445 910 LOYOLA

1525 975 1795 1019 ‘ramam-o,
1830 976 1879 1009 12
1908 976 2081 1010 mmm
2113 967 2223 1021 1546
2253 967 2291 1011 ¹.

951 1062 1099 1105 Sociis
1119 1062 1334 1106 venturis
1359 1066 1496 1119 aptas
1523 1062 1648 1106 sedes
1668 1066 1872 1118 paratas
1890 1063 2138 1107 haben-A
2159 1064 2412 1108 cardinale
2431 1065 2711 1111 tridentino
2726 1068 2824 1125 saca

1093 1136 1211 1175 tate-s
1230 1132 1527 1175 omnimodas
1548 1136 1639 1188 pro
1659 1136 2066 1176 sacramentorum
2086 1133 2515 1180 administratione
2536 1138 2742 1194 aceepit.

1834 1229 1981 1325 Ihfzs.

1055 1385 1131 1436 La
1156 1400 1362 1434 summa
1387 1382 1560 1449 gratia
1592 1391 1646 1435 et
1681 1399 1829 1433 amor
1860 1382 1946 1433 del
1979 1382 2196 1450 signore
2229 1384 2382 1436 Iddio
2409 1385 2491 1438 sia
2528 1402 2742 1454 sempre
2772 1403 2824 1439 oo

950 1473 1076 1537 tqtti
1105 1472 1214 1526 noi.

1054 1563 1189 1614 Rd0.
1223 1562 1394 1613 Padre
1421 1561 1526 1612 mio
1551 1560 1604 1612 in
1632 1562 1774 1627 Xp0.
2262 1589 2266 1598 ·

1053 1651 1238 1718 Hoggi
1264 1653 1336 1702 ho
1363 1661 1618 1703 receuuto
1642 1651 1693 1702 le
1718 1652 1904 1703 lettere
1927 1651 1981 1702 di
2015 1653 2083 1703 V.
2114 1653 2178 1703 R.
2219 1653 2344 1705 delli
2377 1655 2411 1705 6
2445 1654 2506 1707 di
2539 1659 2718 1709 Μαι-ιο
2744 1657 2824 1721 ¹,1e

947 1743 1104 1809 quale
1131 1741 1200 1793 rni
1226 1758 1358 1792 sono
1383 1749 1520 1791 state
1545 1740 1878 1803 charissime,
1906 1741 1951 1792 si
1981 1759 2074 1808 per
2105 1741 2351 1795 intendet
2375 1745 2427 1795 la
2466 1745 2663 1812 partita
2684 1745 2822 1798 dedo?

946 1832 1137 1885 fratelli
1163 1833 1203 1895 ³,
1232 1831 1374 1899 quali
1399 1832 1591 1882 manda
1617 1832 1686 1885 V.
1709 1833 1774 1884 R.
1802 1847 1834 1881 a
1854 1840 2043 1898 questo
2061 1848 2215 1884 sacro
2233 1832 2484 1897 concili0,
2506 1835 2554 1888 εὶ
2575 1854 2667 1904 per
2682 1836 2812 1887 intet-

946 1924 1060 1975 der'
1089 1924 1138 1974 la
1164 1906 1385 1973 uolunta
1410 1920 1464 1971 di
1490 1921 1663 1986 quella
1688 1929 1890 1986 quanto
1914 1921 1964 1972 al
1990 1923 2149 1973 modo
2175 1924 2279 1975 che
2297 1923 2374 1990 gli
2399 1941 2530 1991 pare
2548 1925 2812 1993 expediente

945 2015 989 2062 s’
1016 2012 1190 2063 debba
1215 2027 1431 2063 seruare
1455 2020 1509 2062 et
1534 2009 1588 2061 in
1614 2020 1758 2062 stare
1777 2010 2015 2073 insieme,
2040 2011 2168 2062 etin
2186 2014 2480 2079 procedere
2498 2033 2532 2067 a
2552 2015 2645 2070 far'
2665 2016 2817 2083 stulto:

944 2103 994 2154 al
1019 2103 1105 2154 cui
1131 2119 1316 2168 parere
1341 2117 1443 2153 con
1471 2109 1611 2152 tutto
1639 2101 1674 2151 il
1699 2117 1861 2153 cuore
1885 2109 2193 2155 sottometto
2220 2102 2256 2154 il
2283 2103 2387 2155 mio
2421 2104 2625 2158 iuditio.
2651 2106 2811 2161 Ense-

943 2192 1116 2244 condo
1141 2194 1240 2242 che
1265 2191 1352 2258 gia
1381 2201 1460 2243 tre
1487 2206 1517 2241 ο
1544 2200 1758 2256 quattro
1786 2192 1926 2242 uolte
1951 2193 2021 2242 ho
2046 2191 2249 2255 scritto,
2271 2210 2429 2260 spero
2455 2198 2555 2248 che
2573 2212 2666 2248 non
2684 2209 2797 2245 man-

940 2284 1064 2333 cara
1083 2297 1291 2332 camera
1309 2289 1363 2333 et
1383 2279 1565 2333 chiesa
1583 2282 1862 2331 commoda
1880 2297 1976 2347 per
1993 2281 2124 2333 loro.
2146 2287 2366 2348 Quanto
2385 2285 2438 2336 al
2459 2294 2614 2348 testu,
2628 2285 2786 2350 iospem

942 2372 997 2423 in
1023 2371 1127 2423 Dio
1153 2372 1219 2423 N.
1249 2372 1305 2424 S.
1336 2373 1435 2422 che
1461 2388 1566 2422 non
1594 2371 1628 2421 li
1654 2372 1900 2422 mancat&
1927 2371 1961 2421 l'
1991 2372 2312 2427 necessario,
2336 2374 2526 2442 Hoggi
2543 2366 2612 2426 ho
2625 2374 2775 2425 domn·

942 2463 1069 2514 dato
1093 2462 1144 2512 di
1170 2478 1350 2512 nuouo
1375 2460 1588 2512 licentia
1614 2478 1644 2512 a
1679 2463 1851 2512 Mons.
1891 2463 2046 2515 Rm0.
2082 2462 2135 2512 di
2169 2464 2373 2516 Trento
2403 2466 2422 2490 ⁴
2448 2483 2545 2532 per
2571 2473 2694 2533 poter
2713 2455 2769 2509 d·

943 2552 1208 2604 ministrat
1234 2551 1266 2601 li
1294 2550 1614 2603 sacramenti
1641 2558 1695 2601 et
1713 2551 2060 2604 exercitarme
2079 2552 2216 2604 nelle
2235 2569 2401 2619 opere
2427 2554 2530 2621 pie,
2551 2550 2767 2622 qualem

940 2641 993 2692 di
1013 2641 1335 2708 jurediction
1364 2649 1467 2693 etc,
1494 2639 1591 2692 Lui
1621 2657 1704 2691 nie
1723 2641 1793 2692 ha
1811 2642 1936 2691 dato
1955 2639 2083 2707 ogni
2103 2658 2202 2692 sua
2220 2643 2492 2695 authorita
2512 2644 2566 2696 in
2585 2642 2669 2695 tale
2679 2650 2777 2692 008·-

941 2741 994 2783 et
1019 2733 1062 2783 εἰ
1095 2750 1178 2783 me
1205 2733 1271 2781 ha
1298 2732 1422 2782 dato
1449 2729 1675 2781 autorita'i
1704 2729 1756 2779 di
1790 2731 1937 2781 darla
1970 2730 2035 2780 ad
2068 2731 2206 2793 altri,
2245 2734 2487 2786 secondo
2517 2736 2625 2787 che'
2646 2729 2767 2794 mill·

942 2821 1403 2896 resirexpediente
1428 2838 1459 2870 a
1486 2822 1691 2872 honore
1716 2821 1783 2873 de
1811 2821 1932 2871 Dio.

1047 2913 1083 2962 11
1111 2911 1325 2975 signore
1345 2912 1475 2978 Jest'x
1505 2912 1645 2976 Xpo.
1678 2929 1707 2961 a
1736 2910 1859 2961 tutti
1885 2910 1933 2961 ci
1959 2911 2197 2962 conceda
2222 2912 2398 2978 gratia
2422 2913 2476 2964 di
2502 2915 2631 2967 bene
2649 2912 2696 2963 in
2709 2919 2780 2959 me·-

939 3002 1050 3064 glio
1076 3017 1404 3067 cognoscere
1429 3008 1483 3050 et
1508 3000 1760 3064 exequire
1786 3000 1836 3050 la
1861 3018 1957 3051 sua
1984 3011 2168 3052 sancta
2194 2981 2435 3055 u'olunta.

1047 3092 1111 3143 Di
1140 3093 1361 3152 TrentO,
1392 3090 1477 3142 alli
1514 3105 1569 3141 12
1598 3091 1649 3140 di
1682 3090 1880 3142 Marcio
1915 3092 2063 3156 1546.

1047 3184 1112 3233 Ι).
1145 3183 1212 3233 V.
1246 3183 1308 3232 R.
1340 3197 1441 3230 suo
1469 3180 1521 3230 in
1546 3182 1684 3246 XpO.

2118 3272 2381 3325 CLAumo
2407 3276 2582 3342 JAYo,

1024 3461 1034 3483 ¹
1095 3461 1162 3501 Ex
1184 3458 1444 3515 apographo
1473 3457 1677 3512 antiquo,
1700 3457 1745 3498 in
1773 3457 1932 3501 codice
1962 3457 2152 3513 «2·e-8»,
2176 3460 2364 3511 Matriti,
2385 3460 2438 3505 in
2459 3462 2738 3511 Bibliotheca

941 3535 1044 3571 vata
1066 3528 1188 3582 regis
1208 3532 1461 3581 asservato,
1483 3526 1561 3568 fol.
1586 3524 1641 3568 30
1663 3540 1702 3568 r.

1020 3604 1037 3625 “-”
1099 3599 1227 3640 Hane
1248 3597 1490 3652 epistolam
1512 3597 1651 3638 habes
1674 3596 1717 3637 in
1742 3595 1951 3640 Monam.
1974 3598 2156 3654 Ignat„
2177 3598 2351 3654 Epist„
2372 3598 2410 3655 1,
2434 3612 2650 3661 727-729,

1022 3670 1038 3692 ‘¹
1098 3668 1297 3722 jacobus
1321 3665 1505 3708 Lainius
1526 3672 1573 3708 et
1597 3665 1859 3719 Alphonsus
1881 3666 2133 3709 Salmeron.

1027 3742 1038 3764 ⁸
1096 3736 1453 3792 Christophorus
1477 3734 1744 3777 Madrutius.
1773 3735 1889 3777 Vide
1906 3736 2042 3792 epist.
2067 3736 2446 3793 praecedentem.
