3788 4716
998 619 1056 673 48
1666 620 1829 664 Ena-r.
1861 619 1912 663 P.
1943 618 2130 662 Bnofm

942 747 997 791 et
1039 737 1181 806 dipoi
1223 739 1327 791 che
1356 738 1385 790 ὲ
1427 737 1484 790 in
1515 755 1637 791 casa
1669 739 1740 792 ha
1770 740 1974 791 hauuto
2007 754 2115 789 vna
2145 737 2350 805 grande
2379 736 2531 790 febre
2561 736 2664 787 col’
2701 736 2850 790 fredo

942 829 1147 896 grande
1168 836 1225 880 et
1248 828 1420 892 caldo;
1459 844 1546 880 ma
1579 827 1616 880 il
1642 817 1857 881 ⁸medico
1893 827 2012 881 dice
2043 829 2147 879 che
2177 844 2286 879 non
2316 826 2508 880 dut-era
2540 826 2649 893 pin.
2683 828 2842 879 Mtr0.

943 919 1217 986 Stephano
1239 918 1292 969 d’
1321 919 1499 972 Arezo
1523 919 1542 944 ¹
1567 919 1599 972 ὲ
1624 925 1763 970 stato
1796 919 2029 970 anchora
2061 918 2287 969 amalato
2322 916 2376 968 in
2404 916 2653 980 Meldola‚
2687 925 2745 968 et
2774 921 2844 968 m'

941 1010 1011 1060 ha
1042 1015 1265 1075 pregato
1306 1008 1416 1061 che·
1452 1006 1528 1075 gli
1565 1008 1844 1060 mandasse
1881 1007 2114 1075 Ange10,
2142 1014 2323 1058 nostro
2360 1006 2589 1069 fratello,
2624 1005 2784 1058 insin'
2818 1024 2849 1058 a

946 1105 1093 1150 tanto
1116 1100 1217 1151 che
1238 1101 1356 1151 sera
1379 1105 1557 1165 tempo
1581 1096 1636 1149 di
1660 1097 1843 1149 andar'
1872 1097 1925 1148 in
1953 1099 2122 1150 Roma
2147 1097 2185 1148 ⁴:
2214 1104 2268 1149 et
2292 1096 2404 1148 cosi
2430 1096 2611 1148 lunedi
2636 1104 2853 1162 passato

941 1187 978 1237 l’
1006 1188 1079 1239 ho
1103 1187 1369 1262 mandato.
1406 1188 1482 1241 Le
1514 1203 1637 1239 cose
1670 1185 1943 1253 spirituale
1975 1203 2151 1238 vanno
2184 1203 2278 1254 per
2311 1185 2484 1253 gratia
2515 1185 2602 1237 del
2635 1185 2854 1252 signore

946 1277 1047 1329 Dio
1068 1277 1124 1329 in
1154 1285 1464 1345 augmentO,
1502 1284 1651 1329 tanto
1682 1276 1807 1330 nelli
1841 1276 2117 1340 essex-citii,
2153 1293 2303 1328 come
2336 1275 2473 1329 nelle
2504 1273 2850 1327 confessioni.

943 1367 1006 1419 Li
1028 1365 1217 1419 scolari
1248 1367 1537 1419 attendono
1573 1368 1710 1421 bene
1744 1366 1830 1418 alli
1862 1365 1981 1418 suoi
2015 1365 2177 1418 studii
2207 1382 2314 1418 con
2346 1364 2655 1419 mediocritei
2688 1373 2745 1418 et
2766 1365 2847 1416 di-

942 1456 1227 1520 scretione,
1256 1469 1356 1524 ‘per
1387 1456 1607 1525 rispetto
1638 1455 1763 1510 delli
1788 1455 1979 1524 grandi
2011 1454 2167 1508 caldi.
2196 1456 2319 1508 Non
2354 1456 2488 1507 altro
2522 1470 2617 1521 per
2659 1454 2855 1508 adesso

941 1547 1119 1600 scriuo
1140 1564 1172 1599 a
1195 1548 1261 1599 V.
1287 1548 1376 1611 R„
1404 1547 1682 1615 pregando
1706 1544 1743 1597 il
1767 1544 1985 1613 signore
2008 1545 2113 1598 Dio
2129 1546 2180 1597 la
2205 1544 2451 1598 conserui
2470 1545 2558 1597 nel
2575 1560 2677 1597 suo
2695 1552 2854 1597 santo

942 1635 1182 1691 seruitio.

1044 1726 1113 1779 Di
1140 1728 1398 1795 Bologna,
1428 1725 1516 1779 alli
1544 1741 1575 1777 2
1599 1724 1651 1777 d'
1680 1726 1891 1792 Agosto
1923 1736 2072 1791 1550.

1048 1818 1130 1868 De
1158 1818 1216 1869 V.
1247 1818 1310 1869 R.

1479 1907 1761 1959 PAscASm
1800 1907 2016 1970 Egon-r,
2042 1903 2248 1973 figliolo
2272 1903 2565 1957 humilimo.

1050 1996 1350 2062 Inscriptio,
1379 1996 1450 2048 Al
1475 1995 1638 2047 molto
1662 1995 1797 2047 Rdo.
1826 1994 1883 2046 in
1907 1995 2008 2048 X.⁰
2029 1994 2220 2058 Padre,
2244 1997 2404 2048 Mtro.
2427 1993 2635 2062 Ignatio
2653 1994 2723 2046 de
2742 1994 2852 2045 Lo-

941 2086 1082 2153 yola,
1108 2083 1376 2152 preposito
1399 2084 1537 2137 della
1561 2084 1894 2151 Compagnia
1918 2084 1985 2136 de
2015 2083 2204 2148 Giesh,
2238 2083 2293 2136 in
2325 2092 2478 2137 santa
2508 2082 2674 2136 Maria
2711 2083 2848 2137 della

945 2175 1156 2237 Strada,
1184 2191 1216 2226 a
1240 2175 1431 2227 Roma.

1049 2266 1131 2316 De
1155 2270 1308 2331 porto
1330 2262 1540 2316 baiochi
1564 2271 1662 2317 tre.

1048 2353 1233 2422 sigilli
1256 2354 1565 2422 vestigium.
2345 2354 2486 2418 XIII,
2515 2354 2565 2405 6.

1024 2541 1043 2565 ⁸
1099 2539 1358 2596 Stephanus
1378 2539 1749 2597 Capunsacchus.
1769 2539 1827 2583 de
1846 2553 1938 2597 quo
1956 2539 2016 2583 cf.
2040 2539 2330 2593 POLANCUM,
2355 2540 2548 2591 Chron„
2566 2541 2628 2593 11,
2645 2551 2790 2584 20-22.

1026 2611 1044 2635 ⁴
1100 2608 1189 2652 Die
1213 2618 1263 2662 17
1280 2609 1386 2663 Maji
1410 2618 1533 2664 1550,
1549 2608 1768 2666 scriptum
1783 2608 1932 2652 fuerat
1952 2609 2197 2653 Paschasio
2216 2610 2397 2653 nomine
2413 2610 2463 2653 S.
2480 2609 2667 2665 Ignatii,
2688 2616 2739 2653 ut
2753 2611 2847 2654 An-

940 2678 1097 2733 gelum
1115 2678 1306 2720 Romam
1326 2689 1415 2720 non
1436 2678 1657 2733 mitteret,
1678 2677 1825 2721 donec
1842 2678 2017 2721 calores
2037 2679 2227 2721 aestatis
2246 2677 2480 2735 cederent3
2502 2685 2551 2721 et
2572 2677 2623 2721 13
2638 2678 2847 2735 Seplem-

848 2787 852 2790 .
944 2745 1038 2790 bris
1071 2746 1258 2790 tandem
1286 2746 1414 2789 illum
1448 2747 1506 2790 ad
1539 2747 1713 2791 Urbem
1748 2746 1869 2790 mitti
1890 2746 2044 2802 jussit.
2067 2747 2133 2790 Ita
2167 2754 2345 2791 constat
2373 2761 2432 2791 ex
2467 2748 2670 2805 Regest„
2699 2748 2734 2801 1,
2770 2758 2850 2804 197

943 2821 992 2857 et
1012 2825 1110 2857 201.
